2725 3917
907 269 1182 319 VERGILI
1225 264 1556 318 AENEIDOS
1599 267 1695 319 111.

358 430 649 485 Servatum
673 446 743 484 ex
767 429 932 484 undis
955 429 1331 498 Strophadum
1355 444 1447 482 me
1469 428 1636 482 litora
1658 427 1900 497 primum

285 517 614 587 Accipiunt;
655 517 994 586 Strophades
1019 516 1189 571 Graio
1213 522 1364 569 stant
1391 515 1613 569 nomine
1637 514 1835 585 dictae,
2213 517 2318 568 210

284 604 501 659 Insulae
525 604 684 658 Ionio
706 604 766 657 in
790 620 1007 673 magn0,
1037 619 1171 672 quas
1194 603 1318 657 dira
1340 603 1583 657 Celaeno

285 690 673 761 Harpyiaeque
698 690 887 745 colunt
911 690 1063 759 aliae,
1091 689 1322 744 Phineia
1346 694 1644 758 postquam

285 777 486 832 Clausa
508 778 720 845 domus,
746 792 1071 845 mensasque
1096 781 1245 830 metu
1272 776 1482 845 liquere
1505 774 1733 843 priores,

284 864 515 918 Tristius
538 863 690 918 haud
712 863 823 916 illis
844 868 1167 932 monstrum,
1194 879 1298 917 nec
1323 863 1540 916 saevior
1563 861 1679 915 ulla

284 951 461 1005 Pestis
487 955 544 1005 et
566 952 652 1004 ira
674 950 841 1004 deum
865 949 1075 1018 Stygiis
1100 966 1218 1003 sese
1243 949 1446 1003 extulit
1468 947 1650 1002 undis.
2216 950 2319 1002 215

286 1038 538 1105 Virginei
563 1037 852 1091 volucrum
878 1036 1075 1104 voltus,
1104 1035 1419 1090 foedissima
1441 1035 1653 1089 ventris

284 1125 587 1194 Proluvies,
617 1139 897 1193 uncaeque
920 1139 1133 1191 manus,
1161 1129 1219 1176 et
1242 1122 1448 1190 pallida
1470 1137 1690 1190 semper

285 1212 399 1266 Ora
421 1212 582 1265 fame.

286 1300 409 1354 Huc
432 1300 527 1353 ubi
552 1298 719 1352 delati
741 1303 938 1368 portus
960 1298 1302 1366 intravimus,
1331 1314 1462 1352 ecce

283 1388 456 1441 Laeta
478 1386 645 1439 boum
668 1385 873 1454 passim
900 1385 1109 1454 eampis
1133 1390 1386 1438 armenta
1408 1385 1661 1439 videmus
2216 1386 2319 1437 220

285 1473 760 1542 Caprigenumque
782 1488 950 1542 pecus
971 1471 1126 1526 nullo
1150 1472 1382 1525 custode
1407 1487 1506 1540 per
1529 1470 1747 1536 herbas.

284 1559 561 1614 Inruimus
583 1559 751 1628 ferro,
780 1563 839 1612 et
857 1559 1015 1614 divos
1038 1559 1328 1628 ipsumque
1354 1575 1618 1613 vocamus

282 1647 350 1700 In
372 1652 590 1716 partem
612 1645 985 1716 praedamque
1008 1647 1226 1714 Iovem3
1266 1651 1385 1699 tum
1411 1645 1573 1699 litore
1596 1660 1768 1699 curvo

282 1732 738 1802 Exstruimusque
761 1738 915 1786 toros
938 1733 1278 1803 dapibusque
1299 1732 1586 1801 epulamur
1610 1731 1824 1799 opimis.

284 1820 366 1874 At
389 1820 606 1874 subitae
631 1819 891 1875 horrifico
915 1819 1075 1889 lapsu
1099 1820 1169 1874 de
1192 1819 1479 1873 montibus
1503 1818 1705 1872 adsunt
2215 1819 2318 1870 225

287 1906 565 1978 Harpyiae
590 1914 648 1963 et
672 1909 888 1978 magnis
913 1908 1169 1977 quatiunt
1194 1906 1544 1973 clangoribus
1569 1903 1699 1971 alus,

283 1995 674 2066 Diripiantque
701 1996 869 2067 dapes
896 2000 1266 2062 contactuque
1291 1993 1480 2047 omnia
1503 1990 1733 2045 foedant

285 2081 609 2150 Immund03
649 2088 772 2137 tum
798 2099 907 2136 vox
929 2086 1170 2136 taetrum
1196 2080 1318 2134 dira
1341 2079 1490 2132 inter
1515 2077 1760 2131 odorem.

284 2167 527 2223 Rursum
549 2170 609 2223 in
634 2186 850 2225 secessu
874 2169 1044 2237 longo
1069 2168 1172 2221 sub
1196 2182 1333 2235 rupe
1358 2172 1572 2231 cavata,

284 2254 598 2311 Arboribus
623 2257 792 2312 clausi
817 2257 1024 2311 circum
1048 2260 1215 2324 atque
1238 2252 1596 2307 horrentibus
1619 2251 1844 2319 umbria,
2212 2254 2317 2305 230

283 2342 617 2397 Instruimus
638 2359 855 2397 mensas
880 2344 1097 2410 arisque
1120 2340 1441 2409 reponimus
1464 2338 1683 2405 ignem:

281 2429 526 2484 Rursum
551 2447 621 2484 ex
644 2430 864 2484 diverso
889 2428 1026 2484 caeli
1048 2427 1331 2495 caecisque
1354 2425 1584 2479 latebris

282 2515 467 2571 Turba
491 2532 693 2570 sonans
714 2515 975 2585 praedam
1002 2515 1234 2585 pedibus
1259 2512 1625 2567 circumvolat
1651 2511 1820 2578 uncis,

280 2602 493 2657 Polluit
519 2620 615 2658 ore
640 2604 827 2673 dapes.
901 2602 1075 2657 Sociis
1098 2607 1247 2669 tunc,
1274 2617 1429 2654 arma
1455 2602 1757 2667 capessant,

280 2691 473 2759 Edico,
503 2696 560 2744 et
583 2691 705 2745 dira
728 2690 935 2745 bellum
960 2707 1087 2744 cum
1113 2695 1277 2759 gente
1302 2687 1621 2758 gerendum.
2214 2688 2317 2740 235

282 2776 447 2829 Haud
474 2793 631 2829 secus
655 2793 720 2830 ac
745 2775 879 2829 iussi
903 2776 1132 2842 faciunt,
1161 2780 1448 2843 tectosque
1472 2788 1571 2842 per
1594 2770 1825 2824 herbam

281 2862 599 2932 Disponunt
624 2879 782 2917 enses
807 2867 864 2916 et
889 2867 1043 2916 scuta
1068 2861 1299 2915 latentia
1324 2860 1590 2915 condunt.

279 2950 433 3018 Ergo
461 2951 552 3004 ubi
577 2950 834 3018 delapsae
860 2949 1102 3002 sonitum
1127 2964 1227 3016 per
1251 2964 1424 3002 curva
1449 2946 1652 3001 dedere

280 3024 490 3106 Litora,
516 3037 614 3091 dat
637 3036 857 3105 signum
882 3035 1104 3103 specula
1127 3033 1368 3087 Misenus
1394 3035 1463 3088 ab
1490 3032 1603 3088 alta

160 3137 185 3180 l
283 3125 432 3178 Aere
456 3140 609 3178 cavo.
684 3121 964 3176 Invadunt
990 3121 1136 3188 socii,
1166 3124 1222 3174 et
1246 3137 1394 3174 nova
1417 3119 1629 3188 proelia
1650 3122 1945 3189 temptant,
2216 3119 2318 3169 240

282 3210 565 3262 Obscenas
588 3206 773 3277 pelagi
796 3205 946 3260 ferro
971 3204 1199 3258 foedare
1225 3204 1493 3257 volucres

281 3294 391 3348 Sed
412 3311 594 3364 neque
617 3295 734 3347 vim
757 3291 963 3361 plumis
985 3291 1154 3345 ullam
1177 3307 1279 3343 nec
1302 3289 1531 3343 volnera
1553 3295 1712 3357 tergo

276 3380 599 3450 ascipiunt,
627 3379 904 3447 celerique
927 3378 1065 3446 fuga
1088 3378 1189 3430 sub
1212 3376 1394 3429 sidera
1415 3375 1602 3444 lapsae

276 3466 563 3524 amum
584 3466 853 3536 praedam
877 3469 936 3518 et
962 3464 1192 3532 vestigia
1215 3462 1378 3517 foeda
1401 3462 1740 3530 relinquunt.

278 3547 411 3614 ω
424 3553 493 3612 i-
504 3552 801 3636 praecelsa
825 3550 1076 3605 consedit
1099 3566 1236 3619 rupe
1261 3548 1518 3614 CelaenO,
2216 3545 2321 3597 245
