2725 3917
1054 892 1113 958 P.
1147 889 1426 958 VERGILI
1473 889 1710 957 MARON
1714 887 1774 955 IS

899 1054 1931 1133 BUOOLIOON

1223 1234 1608 1295 LIBER.
1851 1209 1859 1217 ’

1185 1517 1543 1586 ECLOGA
1596 1531 1651 1585 1.

1090 1690 1420 1727 MELIBOEUS.
1495 1688 1745 1725 TITYRUS.

401 1816 544 1870 Mn..
583 1815 787 1883 Tityre,
814 1818 878 1868 tu
902 1814 1122 1883 patulae
1146 1815 1418 1867 recubans
1444 1812 1544 1865 sub
1569 1811 1811 1879 tegmine
1836 1809 1947 1878 fagi

402 1902 722 1956 Silvestrem
746 1902 901 1955 tenui
924 1900 1136 1954 Musam
1160 1899 1449 1952 meditaris
1474 1914 1673 1951 avena:

402 1987 522 2041 Nos
544 1988 756 2057 patriae
778 1975 904 2040 fi'nis
928 1991 985 2040 et
1008 1987 1192 2039 dulcia
1213 1985 1511 2054 linquimus
1536 2000 1693 2049 arva;

401 2073 523 2127 Nos
543 2074 780 2143 patriam
803 2073 1074 2141 fugimus:
1114 2077 1194 2139 tu,
1221 2071 1427 2139 Tityre,
1455 2071 1637 2124 lentus
1660 2071 1718 2123 in
1743 2069 1941 2123 umbra

401 2160 724 2213 Formosam
748 2176 1007 2214 resonare
1031 2159 1196 2212 doces
1221 2156 1568 2225 Amaryllida
1593 2157 1769 2210 silvas.

402 2246 518 2299 Trr.
560 2246 608 2299 Ο
632 2245 916 2320 Meliboee,
944 2245 1079 2298 deus
1101 2244 1262 2298 nobis
1285 2244 1419 2298 haee
1444 2245 1561 2299 otia
1582 2245 1729 2298 feeit.

401 2332 655 2401 Namque
679 2332 785 2385 erit
809 2332 901 2385 ille
923 2332 1061 2384 mihi
1086 2347 1302 2399 semper
1326 2332 1489 2400 deus3
1529 2331 1677 2384 illius
1702 2346 1852 2384 aram

402 2419 577 2487 Saepe
599 2424 758 2473 tener
781 2420 986 2473 nostris
1010 2420 1079 2473 ab
1106 2418 1341 2472 ovilibus
1367 2418 1578 2472 imbuet
1603 2434 1789 2486 agnus,

401 2506 503 2559 Ille
525 2523 674 2560 meas
699 2523 883 2561 errare
908 2506 1092 2574 boves,
1120 2511 1183 2558 ut
1209 2505 1402 2573 cernis,
1432 2510 1488 2558 et
1511 2505 1691 2574 ipsum

401 2592 628 2659 Ludere,
659 2610 798 2662 quae
821 2593 1034 2661 vellem,
1063 2592 1273 2645 calamo
1298 2591 1551 2660 permisit
1566 2580 1792 2659 agresti.

400 2678 545 2731 Miz-L.
585 2678 713 2732 Non
739 2680 994 2747 equidem
1018 2678 1270 2744 invideo;
1314 2679 1486 2731 miror
1511 2677 1716 2746 magis:
1757 2677 2000 2745 undique
2026 2676 2160 2730 totis

401 2764 590 2833 Usque
615 2765 754 2818 adeo
778 2765 1034 2818 turbatur
1062 2765 1221 2832 agris.
1295 2763 1401 2831 En,
1431 2764 1549 2832 ipse
1575 2763 1813 2832 capellas

398 2848 661 2902 Protinus
685 2864 846 2917 aeger
871 2866 1004 2916 ago;
1044 2849 1188 2902 hane
1213 2849 1379 2902 etiam
1406 2849 1516 2915 vix,
1544 2849 1750 2916 Tityre,
1779 2848 1937 2902 duco.

399 2935 508 2989 Hie
531 2936 677 2989 inter
701 2935 896 2989 densas
922 2935 1140 3001 corylos
1163 2935 1329 2989 modo
1352 2951 1589 3003 namque
1613 2935 1887 3004 gemellos,

304 3034 319 3040 ‘
399 3022 565 3089 Spem
590 3022 787 3089 gregiS,
815 3021 913 3075 ahl
954 3022 1106 3076 silice
1130 3023 1188 3074 in
1213 3022 1361 3075 nuda
1386 3022 1583 3075 conixa
1607 3022 1845 3090 reliquit.

397 3108 575 3175 Saepe
598 3107 804 3162 malum
829 3107 935 3162 hoe
959 3109 1136 3178 nobis,
1166 3109 1208 3161 si
1234 3125 1390 3161 mens
1413 3124 1528 3161 non
1550 3107 1708 3161 laeva
1732 3108 1941 3174 fuisset,

394 3194 483 3247 De
508 3194 661 3248 eaelo
685 3199 859 3248 tactas
882 3195 1108 3249 memini
1131 3194 1449 3263 praedicere
1474 3211 1719 3264 quereuS.

396 3280 593 3350 [Saepe
618 3280 837 3334 sinistra
860 3298 995 3336 cava
1018 3281 1295 3352 praedixit
1320 3281 1390 3335 ab
1413 3281 1536 3334 iliee
1561 3281 1792 3347 cornix]

394 3366 508 3420 Sed
532 3371 734 3432 tamen,
761 3368 867 3422 iste
892 3369 1026 3423 deus
1051 3370 1145 3439 qui
1170 3370 1256 3437 sit,
1287 3369 1374 3437 da,
1402 3368 1604 3437 Tityre,
1633 3368 1808 3421 nobis·

393 3453 514 3507 Trr.
554 3453 780 3520 Urbem,
810 3472 972 3523 quam
996 3455 1186 3510 dieunt
1211 3454 1462 3523 Romam,
1490 3454 1777 3519 Meliboee,
1806 3454 1996 3521 putavi

392 3538 612 3593 Stultus
637 3555 738 3607 ego
762 3540 890 3594 huie
914 3546 1136 3595 nostrae
1160 3541 1410 3610 similem,
1441 3557 1549 3609 quo
1576 3556 1736 3607 saepe
1762 3539 1997 3592 solemus

2366 2591 2432 2641 10

2368 3019 2432 3071 15

2364 3453 2434 3504 20
