2725 3917
989 248 1267 299 VERGILI
1310 247 1641 298 AENRIDOS
1686 247 1750 298 11.

349 406 650 461 Labentem
677 406 855 474 pietas
878 423 981 461 nec
1005 406 1287 476 Apollinis
1307 407 1484 461 infula
1507 408 1664 461 texit.

348 493 505 547 Iliaci
529 493 740 549 cineres
765 498 822 548 et
845 493 1067 548 flamma
1092 500 1342 548 extrema
1363 510 1633 563 meorum,

348 578 557 648 Testor,
584 580 642 633 in
667 595 865 633 occasu
889 585 1074 635 vestro
1099 598 1202 635 nee
1227 581 1342 635 tela
1367 597 1471 634 nec
1493 581 1636 635 ullas

348 665 631 720 Vitavisse
654 666 805 720 vices
832 666 1102 731 Danaum,
1131 672 1202 734 et,
1233 668 1280 720 si
1305 668 1422 721 fata
1445 667 1699 736 fuissent,

348 752 426 805 Ut
451 752 720 821 caderem,
749 754 1015 807 meruisse
1039 769 1225 807 manu.
1301 753 1634 807 Divellimur
1658 754 1823 810 inde:

347 838 565 907 Iphitus
589 845 646 893 et
670 839 851 895 Pelias
874 857 1108 907 mecum,
1145 856 1380 909 quorum
1405 839 1626 908 Iphitus
1649 856 1788 895 aevo

346 925 465 980 Iam
489 926 723 996 gravior,
751 926 933 981 Pelias
958 931 1016 981 et
1041 927 1265 981 volnere
1290 926 1483 980 tardus
1511 926 1693 994 Ulixi3

346 1014 610 1068 Protinus
634 1015 704 1069 ad
728 1015 885 1069 sedes
908 1014 1117 1069 Priami
1143 1015 1383 1069 clamore
1411 1015 1609 1068 vocati.

345 1100 452 1155 Hic
478 1118 611 1156 vero
632 1102 915 1171 ingentem
939 1119 1196 1171 pugnam,
1229 1118 1326 1155 ceu
1357 1106 1545 1155 cetera
1567 1119 1832 1170 nusquam

345 1187 502 1242 Bella
525 1190 728 1257 forent,
757 1189 895 1242 nulli
917 1193 1040 1243 tota
1064 1194 1427 1242 morerentur·
1440 1190 1500 1242 in
1526 1189 1692 1257 urb03

346 1274 437 1328 Sic
462 1275 700 1329 Martem
725 1276 1074 1345 indomitum,
1105 1275 1438 1344 Danaosque
1463 1265 1534 1329 ad
1557 1281 1706 1330 tecta
1730 1278 1941 1331 ruentis

241 1363 245 1367 ’
347 1361 649 1430 Cernimus,
680 1363 1069 1432 obsessumque
1095 1368 1219 1417 acta
1241 1361 1524 1416 testudine
1546 1363 1732 1417 limen.

345 1448 594 1503 Haerent
619 1449 921 1518 parietibus
944 1449 1137 1517 scalae,
1168 1449 1451 1517 postisque
1477 1449 1579 1502 sub
1602 1449 1754 1517 ipsos

344 1535 615 1589 Nituntur
639 1535 913 1604 gradibuS,
943 1536 1254 1604 clipeosque
1283 1535 1352 1588 ad
1378 1535 1493 1588 tela
1517 1535 1757 1589 sinistris

342 1621 586 1677 Protecti
612 1623 878 1690 obiciunt,
905 1627 1170 1691 prensant
1196 1622 1416 1690 fastigia
1440 1621 1667 1675 dextris.

343 1708 697 1764 Dardanidae
724 1718 920 1764 contra
943 1710 1114 1763 turris
1139 1725 1204 1763 ac
1227 1713 1380 1763 tecta
1406 1708 1698 1762 domorum
1767 1741 1774 1746 -

345 1794 599 1850 Culmina
622 1796 1097 1851 convellunt—his
1121 1813 1196 1864 se,
1227 1796 1448 1865 quando
1473 1795 1670 1850 ultima
1694 1802 1944 1868 cernunt,

341 1882 606 1938 Extrema
628 1885 737 1938 iam
763 1884 823 1938 in
848 1889 1026 1939 morte
1049 1888 1248 1953 parant
1275 1883 1577 1937 defendere
1602 1884 1798 1938 telis-

343 1969 687 2039 Auratasque
712 1972 912 2040 trabeS,
940 1976 1191 2025 veterum
1217 1970 1419 2024 decora
1443 1970 1555 2024 alta
1578 1977 1887 2041 parentum,

341 2056 692 2125 Devolvunt3
735 2059 827 2111 alii
853 2059 1059 2112 strictis
1081 2058 1440 2111 mucronibus
1467 2057 1609 2110 imas

343 2142 621 2197 Obsedere
645 2144 824 2211 fores3
863 2143 965 2197 has
989 2149 1211 2197 servant
1237 2143 1457 2210 agmine
1485 2144 1674 2198 denso,

341 2227 641 2281 Instaurati
667 2227 848 2295 animi,
877 2228 1021 2294 regis
1045 2244 1364 2281 succurrere
1389 2229 1567 2297 tectis,

339 2312 675 2382 Auxilioque
699 2313 883 2368 levare
907 2314 1072 2382 viros,
1100 2315 1324 2383 vimque
1351 2315 1553 2369 addere
1584 2317 1762 2371 victis,

409 2398 604 2454 Limen
629 2405 748 2454 erat
773 2416 1073 2469 caecaeque
1097 2401 1247 2455 fores
1270 2407 1327 2456 ct
1351 2403 1575 2470 pervius
1602 2421 1735 2457 usus

341 2486 634 2540 Tectorum
659 2487 803 2540 inter
829 2504 887 2541 se
912 2488 1133 2558 Priami,
1163 2494 1458 2558 postesque
1483 2491 1663 2545 relicti

340 2573 395 2626 A
419 2577 594 2642 tergo,
621 2574 811 2627 infelix
837 2590 947 2642 qua
968 2591 1042 2643 se,
1072 2575 1204 2629 dum
1230 2594 1403 2645 regna
1427 2579 1742 2646 manebant,

340 2658 567 2728 Saepius
590 2659 980 2718 Andromache
1003 2661 1152 2715 ferre
1181 2663 1505 2719 incomitata
1534 2665 1746 2719 solebat

338 2746 431 2799 Ad
456 2762 688 2814 soceros,
719 2752 774 2799 et
799 2763 903 2800 avo
929 2764 1160 2815 puerum
1189 2750 1533 2817 Astyanacta
1557 2752 1829 2807 trahebat.

337 2832 531 2886 Evado
556 2832 626 2886 ad
651 2834 845 2886 summi
870 2834 1092 2902 fastigia
1119 2836 1387 2904 culminiS,
1418 2838 1567 2892 unde

338 2919 468 2973 Tela
490 2935 659 2972 manu
680 2919 868 2973 miseri
892 2921 1171 2976 iactabant
1196 2922 1368 2978 inrita
1391 2925 1601 2980 Teucri.

338 3006 554 3059 Turrim
579 3006 638 3060 in
663 3006 948 3075 praecipiti
974 3012 1212 3062 stantem
1247 3013 1582 3081 summisque
1607 3013 1709 3066 sub
1735 3017 1887 3068 astra

335 3093 606 3148 Eductam
633 3094 805 3162 tectis,
833 3094 980 3148 unde
1004 3095 1182 3149 omnis
1206 3095 1371 3152 Troia
1395 3099 1570 3153 videri

335 3181 408 3234 Et
430 3180 684 3234 Danaum
711 3181 904 3238 solitae
928 3196 1098 3235 naves
1122 3187 1178 3235 et
1203 3184 1420 3239 Achaia
1444 3191 1637 3252 castra,

336 3268 596 3337 Aggressi
622 3269 774 3322 ferro
802 3268 1025 3336 circum,
1058 3284 1166 3337 qua
1190 3286 1407 3325 summa
1428 3272 1669 3328 labantis

334 3354 626 3410 Iuncturas
650 3354 898 3410 tabulata
921 3354 1144 3422 dabant,
1176 3358 1535 3412 convellimus
1560 3359 1687 3413 altis

337 3440 580 3510 Sedibus,
609 3442 1066 3510 impulimusque3
1107 3458 1173 3495 ea
1196 3442 1349 3513 lapsa
1374 3450 1605 3513 repente
1628 3445 1845 3499 ruinam

337 3526 477 3582 Cum
503 3529 687 3582 sonitu
709 3528 881 3583 trahit
907 3534 965 3583 et
990 3526 1242 3584 Danaum
1269 3548 1432 3600 super
1457 3533 1676 3601 agmina
1698 3531 1811 3586 late

2285 414 2391 467 430

2283 847 2386 898 435

2276 2150 2380 2202 450

2273 2581 2377 2633 455

2270 3016 2377 3068 460
