<?xml version="1.0" encoding="UTF-8"?>
<!DOCTYPE html PUBLIC "-//W3C//DTD XHTML 1.0 Transitional//EN"
    "http://www.w3.org/TR/xhtml1/DTD/xhtml1-transitional.dtd">
<html xmlns="http://www.w3.org/1999/xhtml" xml:lang="en" lang="en">
 <head>
  <title>
</title>
<meta http-equiv="Content-Type" content="text/html;charset=utf-8" />
  <meta name='ocr-system' content='tesseract 3.04.00' />
  <meta name='ocr-capabilities' content='ocr_page ocr_carea ocr_par ocr_line ocrx_word'/>
</head>
<body>
  <div class='ocr_page' id='page_1' title='image "./bucolicsandfirs00friegoog_0229.png"; bbox 0 0 2725 3917; ppageno 0'>
   <div class='ocr_carea' id='block_1_1' title="bbox 902 242 1714 294">
    <p class='ocr_par' dir='ltr' id='par_1_1' title="bbox 902 242 1714 294">
     <span class='ocr_line' id='line_1_1' title="bbox 902 242 1714 294; baseline 0.002 -2"><span class='ocrx_word' id='word_1_1' title='bbox 902 242 1178 292; x_wconf 76' lang='lat' dir='ltr'>VERGILI</span> <span class='ocrx_word' id='word_1_2' title='bbox 1222 242 1553 293; x_wconf 78' lang='lat' dir='ltr'><strong>AENEIDOS</strong></span> <span class='ocrx_word' id='word_1_3' title='bbox 1596 243 1714 294; x_wconf 83' lang='lat' dir='ltr'><strong>VII.</strong></span> 
     </span>
    </p>
   </div>
   <div class='ocr_carea' id='block_1_2' title="bbox 289 403 1904 3590">
    <p class='ocr_par' dir='ltr' id='par_1_2' title="bbox 296 403 1688 559">
     <span class='ocr_line' id='line_1_2' title="bbox 296 403 1688 476; baseline -0.002 -16"><span class='ocrx_word' id='word_1_4' title='bbox 296 407 501 461; x_wconf 83' lang='lat' dir='ltr'>Indicit</span> <span class='ocrx_word' id='word_1_5' title='bbox 523 405 717 476; x_wconf 90' lang='lat' dir='ltr'><strong>primis</strong></span> <span class='ocrx_word' id='word_1_6' title='bbox 738 405 1017 472; x_wconf 82' lang='lat' dir='ltr'><strong>iuvenum,</strong></span> <span class='ocrx_word' id='word_1_7' title='bbox 1047 408 1105 457; x_wconf 93' lang='lat' dir='ltr'><strong>et</strong></span> <span class='ocrx_word' id='word_1_8' title='bbox 1129 403 1283 457; x_wconf 77' lang='lat' dir='ltr'><strong>iubet</strong></span> <span class='ocrx_word' id='word_1_9' title='bbox 1307 420 1462 457; x_wconf 89' lang='lat' dir='ltr'><strong>arma</strong></span> <span class='ocrx_word' id='word_1_10' title='bbox 1485 404 1688 472; x_wconf 86' lang='lat' dir='ltr'><strong>parari,</strong></span> 
     </span>
     <span class='ocr_line' id='line_1_3' title="bbox 296 490 1562 559; baseline -0.003 -13"><span class='ocrx_word' id='word_1_11' title='bbox 296 493 485 546; x_wconf 89' lang='lat' dir='ltr'><strong>Tutari</strong></span> <span class='ocrx_word' id='word_1_12' title='bbox 508 492 745 559; x_wconf 89' lang='lat' dir='ltr'><strong>Italiam,</strong></span> <span class='ocrx_word' id='word_1_13' title='bbox 773 490 1068 544; x_wconf 79' lang='lat' dir='ltr'><strong>detrudere</strong></span> <span class='ocrx_word' id='word_1_14' title='bbox 1092 490 1292 543; x_wconf 90' lang='lat' dir='ltr'><strong>finibus</strong></span> <span class='ocrx_word' id='word_1_15' title='bbox 1313 491 1562 557; x_wconf 80' lang='lat' dir='ltr'><strong>hostem3</strong></span> 
     </span>
    </p>

    <p class='ocr_par' dir='ltr' id='par_1_3' title="bbox 298 576 1741 806">
     <span class='ocr_line' id='line_1_4' title="bbox 298 576 1741 645; baseline -0.001 -13"><span class='ocrx_word' id='word_1_16' title='bbox 298 580 365 634; x_wconf 88' lang='lat' dir='ltr'><strong>Se</strong></span> <span class='ocrx_word' id='word_1_17' title='bbox 388 580 521 633; x_wconf 89' lang='lat' dir='ltr'><strong>satis</strong></span> <span class='ocrx_word' id='word_1_18' title='bbox 546 578 813 632; x_wconf 87' lang='lat' dir='ltr'><strong>ambobus</strong></span> <span class='ocrx_word' id='word_1_19' title='bbox 837 577 1169 645; x_wconf 81' lang='lat' dir='ltr'><strong>Teucrisque</strong></span> <span class='ocrx_word' id='word_1_20' title='bbox 1195 577 1384 630; x_wconf 89' lang='lat' dir='ltr'><strong>venire</strong></span> <span class='ocrx_word' id='word_1_21' title='bbox 1407 576 1741 645; x_wconf 82' lang='lat' dir='ltr'><strong>Latinisque.</strong></span> 
     </span>
     <span class='ocr_line' id='line_1_5' title="bbox 298 663 1702 732; baseline -0.003 -13"><span class='ocrx_word' id='word_1_22' title='bbox 298 666 448 719; x_wconf 88' lang='lat' dir='ltr'><strong>Haec</strong></span> <span class='ocrx_word' id='word_1_23' title='bbox 473 665 567 718; x_wconf 91' lang='lat' dir='ltr'><strong>ubi</strong></span> <span class='ocrx_word' id='word_1_24' title='bbox 592 664 738 717; x_wconf 86' lang='lat' dir='ltr'><strong>dicta</strong></span> <span class='ocrx_word' id='word_1_25' title='bbox 761 663 915 716; x_wconf 83' lang='lat' dir='ltr'><strong>dedit</strong></span> <span class='ocrx_word' id='word_1_26' title='bbox 938 663 1203 732; x_wconf 86' lang='lat' dir='ltr'><strong>divosque</strong></span> <span class='ocrx_word' id='word_1_27' title='bbox 1227 663 1284 715; x_wconf 88' lang='lat' dir='ltr'><strong>in</strong></span> <span class='ocrx_word' id='word_1_28' title='bbox 1311 668 1445 716; x_wconf 87' lang='lat' dir='ltr'><strong>vota</strong></span> <span class='ocrx_word' id='word_1_29' title='bbox 1465 664 1702 732; x_wconf 79' lang='lat' dir='ltr'><strong>vocavit,</strong></span> 
     </span>
     <span class='ocr_line' id='line_1_6' title="bbox 299 749 1598 806; baseline -0.002 0"><span class='ocrx_word' id='word_1_30' title='bbox 299 752 565 806; x_wconf 81' lang='lat' dir='ltr'><strong>Certatim</strong></span> <span class='ocrx_word' id='word_1_31' title='bbox 591 767 710 803; x_wconf 88' lang='lat' dir='ltr'><strong>sese</strong></span> <span class='ocrx_word' id='word_1_32' title='bbox 734 749 927 802; x_wconf 84' lang='lat' dir='ltr'><strong>Rutuli</strong></span> <span class='ocrx_word' id='word_1_33' title='bbox 951 749 1317 803; x_wconf 84' lang='lat' dir='ltr'><strong>exhortantur</strong></span> <span class='ocrx_word' id='word_1_34' title='bbox 1342 749 1402 802; x_wconf 93' lang='lat' dir='ltr'><strong>in</strong></span> <span class='ocrx_word' id='word_1_35' title='bbox 1428 766 1598 803; x_wconf 84' lang='lat' dir='ltr'><strong>arma.</strong></span> 
     </span>
    </p>

    <p class='ocr_par' dir='ltr' id='par_1_4' title="bbox 299 836 1904 990">
     <span class='ocr_line' id='line_1_7' title="bbox 299 836 1904 905; baseline -0.001 -13"><span class='ocrx_word' id='word_1_36' title='bbox 299 839 461 891; x_wconf 88' lang='lat' dir='ltr'><strong>Hunc</strong></span> <span class='ocrx_word' id='word_1_37' title='bbox 483 839 649 891; x_wconf 88' lang='lat' dir='ltr'><strong>decus</strong></span> <span class='ocrx_word' id='word_1_38' title='bbox 673 836 952 904; x_wconf 83' lang='lat' dir='ltr'><strong>egregium</strong></span> <span class='ocrx_word' id='word_1_39' title='bbox 976 836 1192 889; x_wconf 80' lang='lat' dir='ltr'><strong>formae</strong></span> <span class='ocrx_word' id='word_1_40' title='bbox 1219 840 1408 889; x_wconf 87' lang='lat' dir='ltr'><strong>movet</strong></span> <span class='ocrx_word' id='word_1_41' title='bbox 1435 841 1601 904; x_wconf 87' lang='lat' dir='ltr'><strong>atque</strong></span> <span class='ocrx_word' id='word_1_42' title='bbox 1626 837 1904 905; x_wconf 82' lang='lat' dir='ltr'><strong>iuventae,</strong></span> 
     </span>
     <span class='ocr_line' id='line_1_8' title="bbox 299 921 1651 990; baseline -0.002 -12"><span class='ocrx_word' id='word_1_43' title='bbox 299 925 459 978; x_wconf 88' lang='lat' dir='ltr'><strong>Hunc</strong></span> <span class='ocrx_word' id='word_1_44' title='bbox 484 924 634 977; x_wconf 88' lang='lat' dir='ltr'><strong>atavi</strong></span> <span class='ocrx_word' id='word_1_45' title='bbox 658 938 830 990; x_wconf 72' lang='lat' dir='ltr'><strong>regeS,</strong></span> <span class='ocrx_word' id='word_1_46' title='bbox 857 921 1006 974; x_wconf 90' lang='lat' dir='ltr'><strong>hunc</strong></span> <span class='ocrx_word' id='word_1_47' title='bbox 1032 921 1191 975; x_wconf 87' lang='lat' dir='ltr'><strong>claris</strong></span> <span class='ocrx_word' id='word_1_48' title='bbox 1215 922 1448 975; x_wconf 87' lang='lat' dir='ltr'><strong>dextera</strong></span> <span class='ocrx_word' id='word_1_49' title='bbox 1470 922 1651 975; x_wconf 78' lang='lat' dir='ltr'><strong>factis,</strong></span> 
     </span>
    </p>

    <p class='ocr_par' dir='ltr' id='par_1_5' title="bbox 366 1007 1793 1077">
     <span class='ocr_line' id='line_1_9' title="bbox 366 1007 1793 1077; baseline -0.002 -13"><span class='ocrx_word' id='word_1_50' title='bbox 366 1012 516 1064; x_wconf 91' lang='lat' dir='ltr'><strong>Dum</strong></span> <span class='ocrx_word' id='word_1_51' title='bbox 540 1010 756 1062; x_wconf 89' lang='lat' dir='ltr'><strong>Turnus</strong></span> <span class='ocrx_word' id='word_1_52' title='bbox 779 1007 1015 1062; x_wconf 89' lang='lat' dir='ltr'><strong>Rutulos</strong></span> <span class='ocrx_word' id='word_1_53' title='bbox 1038 1008 1237 1062; x_wconf 88' lang='lat' dir='ltr'><strong>animis</strong></span> <span class='ocrx_word' id='word_1_54' title='bbox 1262 1009 1560 1062; x_wconf 84' lang='lat' dir='ltr'><strong>audacibus</strong></span> <span class='ocrx_word' id='word_1_55' title='bbox 1584 1010 1793 1077; x_wconf 84' lang='lat' dir='ltr'><strong>implet,</strong></span> 
     </span>
    </p>

    <p class='ocr_par' dir='ltr' id='par_1_6' title="bbox 302 1094 1588 1162">
     <span class='ocr_line' id='line_1_10' title="bbox 302 1094 1588 1162; baseline -0.003 -9"><span class='ocrx_word' id='word_1_56' title='bbox 302 1099 521 1153; x_wconf 82' lang='lat' dir='ltr'><strong>Allecto</strong></span> <span class='ocrx_word' id='word_1_57' title='bbox 548 1097 609 1149; x_wconf 92' lang='lat' dir='ltr'><strong>in</strong></span> <span class='ocrx_word' id='word_1_58' title='bbox 632 1095 867 1149; x_wconf 82' lang='lat' dir='ltr'><strong>Teucros</strong></span> <span class='ocrx_word' id='word_1_59' title='bbox 892 1094 1097 1162; x_wconf 80' lang='lat' dir='ltr'><strong>Stygiis</strong></span> <span class='ocrx_word' id='word_1_60' title='bbox 1121 1112 1179 1148; x_wconf 89' lang='lat' dir='ltr'><strong>se</strong></span> <span class='ocrx_word' id='word_1_61' title='bbox 1205 1097 1448 1149; x_wconf 86' lang='lat' dir='ltr'><strong>concitat</strong></span> <span class='ocrx_word' id='word_1_62' title='bbox 1473 1096 1588 1150; x_wconf 85' lang='lat' dir='ltr'><strong>alis.</strong></span> 
     </span>
    </p>

    <p class='ocr_par' dir='ltr' id='par_1_7' title="bbox 302 1182 1723 1338">
     <span class='ocr_line' id='line_1_11' title="bbox 302 1182 1723 1252; baseline -0.001 -14"><span class='ocrx_word' id='word_1_63' title='bbox 302 1185 443 1238; x_wconf 90' lang='lat' dir='ltr'><strong>Arte</strong></span> <span class='ocrx_word' id='word_1_64' title='bbox 466 1200 613 1237; x_wconf 87' lang='lat' dir='ltr'><strong>nova</strong></span> <span class='ocrx_word' id='word_1_65' title='bbox 636 1182 913 1251; x_wconf 87' lang='lat' dir='ltr'><strong>speculata</strong></span> <span class='ocrx_word' id='word_1_66' title='bbox 935 1182 1135 1250; x_wconf 90' lang='lat' dir='ltr'><strong>locum,</strong></span> <span class='ocrx_word' id='word_1_67' title='bbox 1165 1199 1274 1250; x_wconf 93' lang='lat' dir='ltr'><strong>quo</strong></span> <span class='ocrx_word' id='word_1_68' title='bbox 1300 1183 1467 1237; x_wconf 91' lang='lat' dir='ltr'><strong>litore</strong></span> <span class='ocrx_word' id='word_1_69' title='bbox 1491 1183 1723 1252; x_wconf 79' lang='lat' dir='ltr'><strong>pulcher</strong></span> 
     </span>
     <span class='ocr_line' id='line_1_12' title="bbox 302 1270 1448 1338; baseline -0.003 -13"><span class='ocrx_word' id='word_1_70' title='bbox 302 1271 521 1325; x_wconf 80' lang='lat' dir='ltr'><strong>Insidiis</strong></span> <span class='ocrx_word' id='word_1_71' title='bbox 546 1286 814 1338; x_wconf 89' lang='lat' dir='ltr'><strong>cursuque</strong></span> <span class='ocrx_word' id='word_1_72' title='bbox 837 1270 983 1323; x_wconf 86' lang='lat' dir='ltr'><strong>feras</strong></span> <span class='ocrx_word' id='word_1_73' title='bbox 1008 1270 1254 1338; x_wconf 72' lang='lat' dir='ltr'><strong>agitabat</strong></span> <span class='ocrx_word' id='word_1_74' title='bbox 1280 1270 1448 1337; x_wconf 88' lang='lat' dir='ltr'><strong>Iulus,</strong></span> 
     </span>
    </p>

    <p class='ocr_par' dir='ltr' id='par_1_8' title="bbox 302 1356 1602 1513">
     <span class='ocr_line' id='line_1_13' title="bbox 302 1356 1602 1425; baseline -0.002 -14"><span class='ocrx_word' id='word_1_75' title='bbox 302 1359 408 1412; x_wconf 90' lang='lat' dir='ltr'><strong>Hic</strong></span> <span class='ocrx_word' id='word_1_76' title='bbox 432 1357 670 1411; x_wconf 83' lang='lat' dir='ltr'><strong>subitam</strong></span> <span class='ocrx_word' id='word_1_77' title='bbox 695 1356 923 1410; x_wconf 89' lang='lat' dir='ltr'><strong>canibus</strong></span> <span class='ocrx_word' id='word_1_78' title='bbox 946 1356 1156 1409; x_wconf 86' lang='lat' dir='ltr'><strong>rabiem</strong></span> <span class='ocrx_word' id='word_1_79' title='bbox 1187 1356 1422 1423; x_wconf 81' lang='lat' dir='ltr'><strong>Cocytia</strong></span> <span class='ocrx_word' id='word_1_80' title='bbox 1444 1358 1602 1425; x_wconf 83' lang='lat' dir='ltr'><strong>virgo</strong></span> 
     </span>
     <span class='ocr_line' id='line_1_14' title="bbox 303 1443 1414 1513; baseline -0.001 -15"><span class='ocrx_word' id='word_1_81' title='bbox 303 1445 489 1499; x_wconf 90' lang='lat' dir='ltr'><strong>Obicit</strong></span> <span class='ocrx_word' id='word_1_82' title='bbox 513 1448 571 1498; x_wconf 92' lang='lat' dir='ltr'><strong>et</strong></span> <span class='ocrx_word' id='word_1_83' title='bbox 592 1447 730 1497; x_wconf 91' lang='lat' dir='ltr'><strong>noto</strong></span> <span class='ocrx_word' id='word_1_84' title='bbox 752 1443 901 1496; x_wconf 86' lang='lat' dir='ltr'><strong>naris</strong></span> <span class='ocrx_word' id='word_1_85' title='bbox 927 1444 1201 1511; x_wconf 81' lang='lat' dir='ltr'><strong>contingit-</strong></span> <span class='ocrx_word' id='word_1_86' title='bbox 1228 1443 1414 1513; x_wconf 89' lang='lat' dir='ltr'><strong>odore,</strong></span> 
     </span>
    </p>

    <p class='ocr_par' dir='ltr' id='par_1_9' title="bbox 303 1528 1855 2468">
     <span class='ocr_line' id='line_1_15' title="bbox 303 1528 1855 1599; baseline 0 -13"><span class='ocrx_word' id='word_1_87' title='bbox 303 1532 382 1585; x_wconf 90' lang='lat' dir='ltr'><strong>Ut</strong></span> <span class='ocrx_word' id='word_1_88' title='bbox 405 1547 630 1585; x_wconf 86' lang='lat' dir='ltr'><strong>cervum</strong></span> <span class='ocrx_word' id='word_1_89' title='bbox 655 1528 909 1583; x_wconf 90' lang='lat' dir='ltr'><strong>ardentes</strong></span> <span class='ocrx_word' id='word_1_90' title='bbox 932 1537 1190 1598; x_wconf 83' lang='lat' dir='ltr'><strong>agerent:</strong></span> <span class='ocrx_word' id='word_1_91' title='bbox 1235 1547 1374 1598; x_wconf 90' lang='lat' dir='ltr'><strong>quae</strong></span> <span class='ocrx_word' id='word_1_92' title='bbox 1398 1532 1579 1599; x_wconf 89' lang='lat' dir='ltr'><strong>prima</strong></span> <span class='ocrx_word' id='word_1_93' title='bbox 1599 1531 1855 1586; x_wconf 89' lang='lat' dir='ltr'><strong>laborum</strong></span> 
     </span>
     <span class='ocr_line' id='line_1_16' title="bbox 305 1616 1677 1685; baseline -0.001 -13"><span class='ocrx_word' id='word_1_94' title='bbox 305 1619 483 1673; x_wconf 82' lang='lat' dir='ltr'><strong>Causa</strong></span> <span class='ocrx_word' id='word_1_95' title='bbox 504 1617 611 1670; x_wconf 87' lang='lat' dir='ltr'><strong>fuit</strong></span> <span class='ocrx_word' id='word_1_96' title='bbox 634 1616 887 1685; x_wconf 90' lang='lat' dir='ltr'><strong>belloque</strong></span> <span class='ocrx_word' id='word_1_97' title='bbox 911 1616 1123 1669; x_wconf 86' lang='lat' dir='ltr'><strong>animos</strong></span> <span class='ocrx_word' id='word_1_98' title='bbox 1150 1617 1404 1670; x_wconf 86' lang='lat' dir='ltr'><strong>accendit</strong></span> <span class='ocrx_word' id='word_1_99' title='bbox 1431 1618 1677 1685; x_wconf 79' lang='lat' dir='ltr'><strong>agrestis,</strong></span> 
     </span>
     <span class='ocr_line' id='line_1_17' title="bbox 304 1704 1792 1773; baseline -0.001 -14"><span class='ocrx_word' id='word_1_100' title='bbox 304 1706 515 1759; x_wconf 87' lang='lat' dir='ltr'><strong>Cervus</strong></span> <span class='ocrx_word' id='word_1_101' title='bbox 539 1708 658 1757; x_wconf 89' lang='lat' dir='ltr'><strong>erat</strong></span> <span class='ocrx_word' id='word_1_102' title='bbox 682 1704 865 1756; x_wconf 79' lang='lat' dir='ltr'><strong>forma</strong></span> <span class='ocrx_word' id='word_1_103' title='bbox 888 1705 1191 1771; x_wconf 88' lang='lat' dir='ltr'><strong>praestanti</strong></span> <span class='ocrx_word' id='word_1_104' title='bbox 1217 1712 1274 1757; x_wconf 85' lang='lat' dir='ltr'><strong>et</strong></span> <span class='ocrx_word' id='word_1_105' title='bbox 1299 1706 1562 1758; x_wconf 89' lang='lat' dir='ltr'><strong>cornibus</strong></span> <span class='ocrx_word' id='word_1_106' title='bbox 1582 1705 1792 1773; x_wconf 85' lang='lat' dir='ltr'><strong>ingens,</strong></span> 
     </span>
     <span class='ocr_line' id='line_1_18' title="bbox 305 1789 1735 1860; baseline -0.001 -15"><span class='ocrx_word' id='word_1_107' title='bbox 305 1790 608 1859; x_wconf 81' lang='lat' dir='ltr'><strong>Tyrrhidae</strong></span> <span class='ocrx_word' id='word_1_108' title='bbox 631 1789 789 1860; x_wconf 83' lang='lat' dir='ltr'><strong>pueri</strong></span> <span class='ocrx_word' id='word_1_109' title='bbox 815 1806 978 1859; x_wconf 90' lang='lat' dir='ltr'><strong>quem</strong></span> <span class='ocrx_word' id='word_1_110' title='bbox 1003 1791 1197 1843; x_wconf 89' lang='lat' dir='ltr'><strong>matris</strong></span> <span class='ocrx_word' id='word_1_111' title='bbox 1222 1791 1293 1844; x_wconf 89' lang='lat' dir='ltr'><strong>ab</strong></span> <span class='ocrx_word' id='word_1_112' title='bbox 1319 1791 1491 1843; x_wconf 89' lang='lat' dir='ltr'><strong>ubere</strong></span> <span class='ocrx_word' id='word_1_113' title='bbox 1514 1795 1735 1858; x_wconf 87' lang='lat' dir='ltr'><strong>raptum</strong></span> 
     </span>
     <span class='ocr_line' id='line_1_19' title="bbox 306 1876 1738 1946; baseline -0.001 -15"><span class='ocrx_word' id='word_1_114' title='bbox 306 1876 609 1931; x_wconf 86' lang='lat' dir='ltr'><strong>Nutribant</strong></span> <span class='ocrx_word' id='word_1_115' title='bbox 633 1876 1016 1945; x_wconf 88' lang='lat' dir='ltr'><strong>Tyrrheusque</strong></span> <span class='ocrx_word' id='word_1_116' title='bbox 1042 1883 1218 1946; x_wconf 87' lang='lat' dir='ltr'><strong>pater,</strong></span> <span class='ocrx_word' id='word_1_117' title='bbox 1248 1877 1338 1930; x_wconf 91' lang='lat' dir='ltr'><strong>cui</strong></span> <span class='ocrx_word' id='word_1_118' title='bbox 1362 1877 1516 1945; x_wconf 84' lang='lat' dir='ltr'><strong>regia</strong></span> <span class='ocrx_word' id='word_1_119' title='bbox 1539 1881 1738 1944; x_wconf 88' lang='lat' dir='ltr'><strong>parent</strong></span> 
     </span>
     <span class='ocr_line' id='line_1_20' title="bbox 305 1962 1551 2031; baseline -0.001 -14"><span class='ocrx_word' id='word_1_120' title='bbox 305 1965 593 2029; x_wconf 90' lang='lat' dir='ltr'><strong>Armenta,</strong></span> <span class='ocrx_word' id='word_1_121' title='bbox 622 1969 679 2016; x_wconf 91' lang='lat' dir='ltr'><strong>et</strong></span> <span class='ocrx_word' id='word_1_122' title='bbox 702 1962 814 2016; x_wconf 88' lang='lat' dir='ltr'><strong>late</strong></span> <span class='ocrx_word' id='word_1_123' title='bbox 839 1964 1093 2017; x_wconf 87' lang='lat' dir='ltr'><strong>custodia</strong></span> <span class='ocrx_word' id='word_1_124' title='bbox 1118 1963 1329 2017; x_wconf 84' lang='lat' dir='ltr'><strong>credita</strong></span> <span class='ocrx_word' id='word_1_125' title='bbox 1354 1963 1551 2031; x_wconf 85' lang='lat' dir='ltr'><strong>campi.</strong></span> 
     </span>
     <span class='ocr_line' id='line_1_21' title="bbox 304 2049 1602 2117; baseline -0.002 -12"><span class='ocrx_word' id='word_1_126' title='bbox 304 2050 620 2105; x_wconf 88' lang='lat' dir='ltr'><strong>Adsuetum</strong></span> <span class='ocrx_word' id='word_1_127' title='bbox 644 2049 889 2117; x_wconf 89' lang='lat' dir='ltr'><strong>imperiis</strong></span> <span class='ocrx_word' id='word_1_128' title='bbox 913 2066 1067 2103; x_wconf 91' lang='lat' dir='ltr'><strong>soror</strong></span> <span class='ocrx_word' id='word_1_129' title='bbox 1095 2051 1247 2103; x_wconf 91' lang='lat' dir='ltr'><strong>omni</strong></span> <span class='ocrx_word' id='word_1_130' title='bbox 1272 2050 1446 2104; x_wconf 86' lang='lat' dir='ltr'><strong>Silvia</strong></span> <span class='ocrx_word' id='word_1_131' title='bbox 1469 2066 1602 2104; x_wconf 90' lang='lat' dir='ltr'><strong>cura</strong></span> 
     </span>
     <span class='ocr_line' id='line_1_22' title="bbox 303 2136 1536 2206; baseline 0 -15"><span class='ocrx_word' id='word_1_132' title='bbox 303 2137 561 2192; x_wconf 80' lang='lat' dir='ltr'><strong>Mollibus</strong></span> <span class='ocrx_word' id='word_1_133' title='bbox 585 2136 842 2189; x_wconf 87' lang='lat' dir='ltr'><strong>intexens</strong></span> <span class='ocrx_word' id='word_1_134' title='bbox 867 2137 1100 2191; x_wconf 90' lang='lat' dir='ltr'><strong>ornabat</strong></span> <span class='ocrx_word' id='word_1_135' title='bbox 1127 2154 1334 2191; x_wconf 91' lang='lat' dir='ltr'><strong>cornua</strong></span> <span class='ocrx_word' id='word_1_136' title='bbox 1360 2138 1536 2206; x_wconf 87' lang='lat' dir='ltr'><strong>sertis,</strong></span> 
     </span>
     <span class='ocr_line' id='line_1_23' title="bbox 304 2223 1708 2294; baseline 0.001 -17"><span class='ocrx_word' id='word_1_137' title='bbox 304 2224 677 2292; x_wconf 89' lang='lat' dir='ltr'><strong>Pectebatque</strong></span> <span class='ocrx_word' id='word_1_138' title='bbox 702 2223 896 2292; x_wconf 85' lang='lat' dir='ltr'><strong>ferum,</strong></span> <span class='ocrx_word' id='word_1_139' title='bbox 921 2241 1171 2294; x_wconf 89' lang='lat' dir='ltr'><strong>puroque</strong></span> <span class='ocrx_word' id='word_1_140' title='bbox 1197 2225 1257 2277; x_wconf 91' lang='lat' dir='ltr'><strong>in</strong></span> <span class='ocrx_word' id='word_1_141' title='bbox 1283 2225 1446 2278; x_wconf 80' lang='lat' dir='ltr'><strong>fonte</strong></span> <span class='ocrx_word' id='word_1_142' title='bbox 1469 2224 1708 2279; x_wconf 87' lang='lat' dir='ltr'><strong>lavabat.</strong></span> 
     </span>
     <span class='ocr_line' id='line_1_24' title="bbox 304 2310 1712 2380; baseline 0.001 -16"><span class='ocrx_word' id='word_1_143' title='bbox 304 2310 420 2380; x_wconf 85' lang='lat' dir='ltr'><strong>Ille,</strong></span> <span class='ocrx_word' id='word_1_144' title='bbox 447 2328 675 2365; x_wconf 87' lang='lat' dir='ltr'><strong>manum</strong></span> <span class='ocrx_word' id='word_1_145' title='bbox 698 2313 916 2380; x_wconf 88' lang='lat' dir='ltr'><strong>patiens</strong></span> <span class='ocrx_word' id='word_1_146' title='bbox 938 2328 1266 2380; x_wconf 87' lang='lat' dir='ltr'><strong>mensaeque</strong></span> <span class='ocrx_word' id='word_1_147' title='bbox 1291 2312 1553 2365; x_wconf 89' lang='lat' dir='ltr'><strong>adsuetus</strong></span> <span class='ocrx_word' id='word_1_148' title='bbox 1577 2313 1712 2379; x_wconf 90' lang='lat' dir='ltr'><strong>erili,</strong></span> 
     </span>
     <span class='ocr_line' id='line_1_25' title="bbox 304 2398 1523 2468; baseline 0 -17"><span class='ocrx_word' id='word_1_149' title='bbox 304 2398 541 2454; x_wconf 89' lang='lat' dir='ltr'><strong>Errabat</strong></span> <span class='ocrx_word' id='word_1_150' title='bbox 566 2399 729 2467; x_wconf 78' lang='lat' dir='ltr'><strong>silvie,</strong></span> <span class='ocrx_word' id='word_1_151' title='bbox 758 2415 1053 2468; x_wconf 89' lang='lat' dir='ltr'><strong>rursusque</strong></span> <span class='ocrx_word' id='word_1_152' title='bbox 1078 2398 1149 2453; x_wconf 86' lang='lat' dir='ltr'><strong>ad</strong></span> <span class='ocrx_word' id='word_1_153' title='bbox 1172 2399 1363 2451; x_wconf 85' lang='lat' dir='ltr'><strong>limina</strong></span> <span class='ocrx_word' id='word_1_154' title='bbox 1388 2405 1523 2451; x_wconf 90' lang='lat' dir='ltr'><strong>nota</strong></span> 
     </span>
    </p>

    <p class='ocr_par' dir='ltr' id='par_1_10' title="bbox 305 2486 1665 2816">
     <span class='ocr_line' id='line_1_26' title="bbox 305 2486 1632 2555; baseline -0.001 -15"><span class='ocrx_word' id='word_1_155' title='bbox 305 2486 429 2555; x_wconf 90' lang='lat' dir='ltr'><strong>Ipse</strong></span> <span class='ocrx_word' id='word_1_156' title='bbox 455 2487 683 2541; x_wconf 88' lang='lat' dir='ltr'><strong>domum</strong></span> <span class='ocrx_word' id='word_1_157' title='bbox 709 2504 832 2541; x_wconf 89' lang='lat' dir='ltr'><strong>sera</strong></span> <span class='ocrx_word' id='word_1_158' title='bbox 857 2488 1104 2555; x_wconf 87' lang='lat' dir='ltr'><strong>quamvis</strong></span> <span class='ocrx_word' id='word_1_159' title='bbox 1128 2504 1186 2540; x_wconf 88' lang='lat' dir='ltr'><strong>se</strong></span> <span class='ocrx_word' id='word_1_160' title='bbox 1210 2493 1374 2539; x_wconf 88' lang='lat' dir='ltr'><strong>nocte</strong></span> <span class='ocrx_word' id='word_1_161' title='bbox 1403 2486 1632 2539; x_wconf 86' lang='lat' dir='ltr'><strong>ferebat.</strong></span> 
     </span>
     <span class='ocr_line' id='line_1_27' title="bbox 307 2572 1646 2644; baseline -0.002 -17"><span class='ocrx_word' id='word_1_162' title='bbox 307 2574 466 2629; x_wconf 90' lang='lat' dir='ltr'><strong>Hunc</strong></span> <span class='ocrx_word' id='word_1_163' title='bbox 490 2574 688 2644; x_wconf 90' lang='lat' dir='ltr'><strong>procul</strong></span> <span class='ocrx_word' id='word_1_164' title='bbox 713 2581 989 2627; x_wconf 88' lang='lat' dir='ltr'><strong>errantem</strong></span> <span class='ocrx_word' id='word_1_165' title='bbox 1014 2573 1237 2628; x_wconf 87' lang='lat' dir='ltr'><strong>rabidae</strong></span> <span class='ocrx_word' id='word_1_166' title='bbox 1263 2574 1517 2627; x_wconf 83' lang='lat' dir='ltr'><strong>venantis</strong></span> <span class='ocrx_word' id='word_1_167' title='bbox 1543 2572 1646 2625; x_wconf 90' lang='lat' dir='ltr'><strong>Iuli</strong></span> 
     </span>
     <span class='ocr_line' id='line_1_28' title="bbox 308 2659 1665 2727; baseline -0.002 -13"><span class='ocrx_word' id='word_1_168' title='bbox 308 2661 671 2715; x_wconf 86' lang='lat' dir='ltr'><strong>Commovere</strong></span> <span class='ocrx_word' id='word_1_169' title='bbox 696 2677 873 2727; x_wconf 77' lang='lat' dir='ltr'><strong>cane-e,</strong></span> <span class='ocrx_word' id='word_1_170' title='bbox 903 2661 1074 2715; x_wconf 81' lang='lat' dir='ltr'><strong>fluvio</strong></span> <span class='ocrx_word' id='word_1_171' title='bbox 1101 2678 1224 2715; x_wconf 91' lang='lat' dir='ltr'><strong>cum</strong></span> <span class='ocrx_word' id='word_1_172' title='bbox 1250 2662 1402 2714; x_wconf 83' lang='lat' dir='ltr'><strong>forte</strong></span> <span class='ocrx_word' id='word_1_173' title='bbox 1427 2659 1665 2713; x_wconf 87' lang='lat' dir='ltr'><strong>secundo</strong></span> 
     </span>
     <span class='ocr_line' id='line_1_29' title="bbox 307 2747 1620 2816; baseline -0.002 -15"><span class='ocrx_word' id='word_1_174' title='bbox 307 2747 603 2816; x_wconf 88' lang='lat' dir='ltr'><strong>Deflueret‚</strong></span> <span class='ocrx_word' id='word_1_175' title='bbox 632 2748 864 2816; x_wconf 87' lang='lat' dir='ltr'><strong>ripaque</strong></span> <span class='ocrx_word' id='word_1_176' title='bbox 888 2752 1071 2801; x_wconf 87' lang='lat' dir='ltr'><strong>aestus</strong></span> <span class='ocrx_word' id='word_1_177' title='bbox 1095 2748 1367 2800; x_wconf 82' lang='lat' dir='ltr'><strong>viridante</strong></span> <span class='ocrx_word' id='word_1_178' title='bbox 1391 2747 1620 2800; x_wconf 89' lang='lat' dir='ltr'><strong>levaret.</strong></span> 
     </span>
    </p>

    <p class='ocr_par' dir='ltr' id='par_1_11' title="bbox 307 2836 1654 2992">
     <span class='ocr_line' id='line_1_30' title="bbox 307 2836 1654 2906; baseline -0.001 -18"><span class='ocrx_word' id='word_1_179' title='bbox 307 2836 426 2906; x_wconf 91' lang='lat' dir='ltr'><strong>Ipse</strong></span> <span class='ocrx_word' id='word_1_180' title='bbox 453 2838 637 2905; x_wconf 88' lang='lat' dir='ltr'><strong>etiam,</strong></span> <span class='ocrx_word' id='word_1_181' title='bbox 668 2836 899 2890; x_wconf 84' lang='lat' dir='ltr'><strong>eximiae</strong></span> <span class='ocrx_word' id='word_1_182' title='bbox 922 2836 1102 2890; x_wconf 89' lang='lat' dir='ltr'><strong>laudis</strong></span> <span class='ocrx_word' id='word_1_183' title='bbox 1128 2852 1423 2890; x_wconf 87' lang='lat' dir='ltr'><strong>succensus</strong></span> <span class='ocrx_word' id='word_1_184' title='bbox 1451 2850 1654 2902; x_wconf 88' lang='lat' dir='ltr'><strong>amore,</strong></span> 
     </span>
     <span class='ocr_line' id='line_1_31' title="bbox 311 2923 1475 2992; baseline -0.003 -16"><span class='ocrx_word' id='word_1_185' title='bbox 311 2924 578 2979; x_wconf 88' lang='lat' dir='ltr'><strong>Ascanius</strong></span> <span class='ocrx_word' id='word_1_186' title='bbox 603 2941 775 2979; x_wconf 81' lang='lat' dir='ltr'><strong>curvo</strong></span> <span class='ocrx_word' id='word_1_187' title='bbox 799 2924 1012 2977; x_wconf 90' lang='lat' dir='ltr'><strong>derexit</strong></span> <span class='ocrx_word' id='word_1_188' title='bbox 1037 2923 1247 2992; x_wconf 88' lang='lat' dir='ltr'><strong>spicula</strong></span> <span class='ocrx_word' id='word_1_189' title='bbox 1270 2939 1475 2988; x_wconf 66' lang='lat' dir='ltr'><strong>cornu,</strong></span> 
     </span>
    </p>

    <p class='ocr_par' dir='ltr' id='par_1_12' title="bbox 289 3008 1831 3590">
     <span class='ocr_line' id='line_1_32' title="bbox 307 3008 1709 3077; baseline -0.001 -14"><span class='ocrx_word' id='word_1_190' title='bbox 307 3010 423 3065; x_wconf 84' lang='lat' dir='ltr'><strong>Nec</strong></span> <span class='ocrx_word' id='word_1_191' title='bbox 449 3011 677 3065; x_wconf 85' lang='lat' dir='ltr'><strong>dextrae</strong></span> <span class='ocrx_word' id='word_1_192' title='bbox 703 3010 912 3064; x_wconf 85' lang='lat' dir='ltr'><strong>erranti</strong></span> <span class='ocrx_word' id='word_1_193' title='bbox 936 3010 1070 3063; x_wconf 89' lang='lat' dir='ltr'><strong>deus</strong></span> <span class='ocrx_word' id='word_1_194' title='bbox 1095 3009 1249 3077; x_wconf 83' lang='lat' dir='ltr'><strong>afuit,</strong></span> <span class='ocrx_word' id='word_1_195' title='bbox 1277 3014 1507 3076; x_wconf 83' lang='lat' dir='ltr'><strong>actaque</strong></span> <span class='ocrx_word' id='word_1_196' title='bbox 1530 3008 1709 3061; x_wconf 88' lang='lat' dir='ltr'><strong>multo</strong></span> 
     </span>
     <span class='ocr_line' id='line_1_33' title="bbox 303 3093 1800 3167; baseline -0.002 -17"><span class='ocrx_word' id='word_1_197' title='bbox 303 3097 520 3167; x_wconf 87' lang='lat' dir='ltr'><strong>Perque</strong></span> <span class='ocrx_word' id='word_1_198' title='bbox 545 3103 766 3151; x_wconf 91' lang='lat' dir='ltr'><strong>uterum</strong></span> <span class='ocrx_word' id='word_1_199' title='bbox 793 3097 977 3150; x_wconf 87' lang='lat' dir='ltr'><strong>sonitu</strong></span> <span class='ocrx_word' id='word_1_200' title='bbox 1001 3112 1207 3166; x_wconf 91' lang='lat' dir='ltr'><strong>perque</strong></span> <span class='ocrx_word' id='word_1_201' title='bbox 1231 3094 1325 3148; x_wconf 89' lang='lat' dir='ltr'><strong>ilia</strong></span> <span class='ocrx_word' id='word_1_202' title='bbox 1349 3095 1505 3147; x_wconf 84' lang='lat' dir='ltr'><strong>venit</strong></span> <span class='ocrx_word' id='word_1_203' title='bbox 1529 3093 1800 3147; x_wconf 88' lang='lat' dir='ltr'><strong>harundo.</strong></span> 
     </span>
     <span class='ocr_line' id='line_1_34' title="bbox 301 3179 1702 3253; baseline -0.003 -17"><span class='ocrx_word' id='word_1_204' title='bbox 301 3182 531 3237; x_wconf 80' lang='lat' dir='ltr'><strong>Saucius</strong></span> <span class='ocrx_word' id='word_1_205' title='bbox 558 3191 614 3239; x_wconf 91' lang='lat' dir='ltr'><strong>at</strong></span> <span class='ocrx_word' id='word_1_206' title='bbox 640 3182 950 3253; x_wconf 87' lang='lat' dir='ltr'><strong>quadrupes</strong></span> <span class='ocrx_word' id='word_1_207' title='bbox 972 3188 1108 3235; x_wconf 86' lang='lat' dir='ltr'><strong>nota</strong></span> <span class='ocrx_word' id='word_1_208' title='bbox 1131 3183 1280 3234; x_wconf 88' lang='lat' dir='ltr'><strong>intra</strong></span> <span class='ocrx_word' id='word_1_209' title='bbox 1303 3184 1452 3232; x_wconf 85' lang='lat' dir='ltr'><strong>tecta</strong></span> <span class='ocrx_word' id='word_1_210' title='bbox 1478 3179 1702 3246; x_wconf 81' lang='lat' dir='ltr'><strong>refugit,</strong></span> 
     </span>
     <span class='ocr_line' id='line_1_35' title="bbox 298 3268 1831 3340; baseline -0.005 -15"><span class='ocrx_word' id='word_1_211' title='bbox 298 3271 688 3340; x_wconf 85' lang='lat' dir='ltr'><strong>Successitque</strong></span> <span class='ocrx_word' id='word_1_212' title='bbox 713 3285 937 3337; x_wconf 85' lang='lat' dir='ltr'><strong>gemens</strong></span> <span class='ocrx_word' id='word_1_213' title='bbox 962 3268 1203 3332; x_wconf 87' lang='lat' dir='ltr'><strong>stabulis,</strong></span> <span class='ocrx_word' id='word_1_214' title='bbox 1237 3271 1541 3334; x_wconf 89' lang='lat' dir='ltr'><strong>questuque</strong></span> <span class='ocrx_word' id='word_1_215' title='bbox 1569 3272 1831 3319; x_wconf 87' lang='lat' dir='ltr'><strong>cruentus</strong></span> 
     </span>
     <span class='ocr_line' id='line_1_36' title="bbox 295 3352 1774 3427; baseline -0.005 -14"><span class='ocrx_word' id='word_1_216' title='bbox 295 3358 493 3427; x_wconf 82' lang='lat' dir='ltr'><strong>Atque</strong></span> <span class='ocrx_word' id='word_1_217' title='bbox 516 3355 842 3426; x_wconf 90' lang='lat' dir='ltr'><strong>imploranti</strong></span> <span class='ocrx_word' id='word_1_218' title='bbox 866 3355 1060 3407; x_wconf 90' lang='lat' dir='ltr'><strong>similis</strong></span> <span class='ocrx_word' id='word_1_219' title='bbox 1083 3358 1291 3407; x_wconf 91' lang='lat' dir='ltr'><strong>tectum</strong></span> <span class='ocrx_word' id='word_1_220' title='bbox 1320 3368 1485 3405; x_wconf 89' lang='lat' dir='ltr'><strong>omne</strong></span> <span class='ocrx_word' id='word_1_221' title='bbox 1510 3352 1774 3420; x_wconf 88' lang='lat' dir='ltr'><strong>replebat.</strong></span> 
     </span>
     <span class='ocr_line' id='line_1_37' title="bbox 291 3438 1658 3512; baseline -0.007 -13"><span class='ocrx_word' id='word_1_222' title='bbox 291 3443 476 3499; x_wconf 79' lang='lat' dir='ltr'><strong>Silvia</strong></span> <span class='ocrx_word' id='word_1_223' title='bbox 497 3444 681 3512; x_wconf 88' lang='lat' dir='ltr'><strong>prima</strong></span> <span class='ocrx_word' id='word_1_224' title='bbox 704 3457 876 3509; x_wconf 87' lang='lat' dir='ltr'><strong>soror,</strong></span> <span class='ocrx_word' id='word_1_225' title='bbox 903 3440 1103 3508; x_wconf 82' lang='lat' dir='ltr'><strong>palmis</strong></span> <span class='ocrx_word' id='word_1_226' title='bbox 1125 3455 1386 3508; x_wconf 82' lang='lat' dir='ltr'><strong>percussa</strong></span> <span class='ocrx_word' id='word_1_227' title='bbox 1407 3438 1658 3504; x_wconf 87' lang='lat' dir='ltr'><strong>lacertos,</strong></span> 
     </span>
     <span class='ocr_line' id='line_1_38' title="bbox 289 3522 1654 3590; baseline -0.007 -7"><span class='ocrx_word' id='word_1_228' title='bbox 289 3530 592 3584; x_wconf 88' lang='lat' dir='ltr'><strong>Auxilium</strong></span> <span class='ocrx_word' id='word_1_229' title='bbox 612 3532 778 3584; x_wconf 85' lang='lat' dir='ltr'><strong>vocat</strong></span> <span class='ocrx_word' id='word_1_230' title='bbox 803 3532 861 3581; x_wconf 92' lang='lat' dir='ltr'><strong>et</strong></span> <span class='ocrx_word' id='word_1_231' title='bbox 885 3527 1051 3580; x_wconf 90' lang='lat' dir='ltr'><strong>duros</strong></span> <span class='ocrx_word' id='word_1_232' title='bbox 1075 3525 1385 3579; x_wconf 88' lang='lat' dir='ltr'><strong>conclamat</strong></span> <span class='ocrx_word' id='word_1_233' title='bbox 1409 3522 1654 3590; x_wconf 86' lang='lat' dir='ltr'><strong>agrestis.</strong></span> 
     </span>
    </p>
   </div>
   <div class='ocr_carea' id='block_1_3' title="bbox 2221 577 2326 633">
    <p class='ocr_par' dir='ltr' id='par_1_13' title="bbox 2221 577 2326 633">
     <span class='ocr_line' id='line_1_39' title="bbox 2221 577 2326 633; baseline 0 -2"><span class='ocrx_word' id='word_1_234' title='bbox 2221 577 2326 633; x_wconf 76' lang='lat'><strong>470</strong></span> 
     </span>
    </p>
   </div>
   <div class='ocr_carea' id='block_1_4' title="bbox 2224 1010 2328 1064">
    <p class='ocr_par' dir='ltr' id='par_1_14' title="bbox 2224 1010 2328 1064">
     <span class='ocr_line' id='line_1_40' title="bbox 2224 1010 2328 1064; baseline -0.019 0"><span class='ocrx_word' id='word_1_235' title='bbox 2224 1010 2328 1064; x_wconf 76' lang='lat'><strong>475</strong></span> 
     </span>
    </p>
   </div>
   <div class='ocr_carea' id='block_1_5' title="bbox 2228 1448 2333 1497">
    <p class='ocr_par' dir='ltr' id='par_1_15' title="bbox 2228 1448 2333 1497">
     <span class='ocr_line' id='line_1_41' title="bbox 2228 1448 2333 1497; baseline 0 0"><span class='ocrx_word' id='word_1_236' title='bbox 2228 1448 2333 1497; x_wconf 84' lang='lat'><strong>480</strong></span> 
     </span>
    </p>
   </div>
   <div class='ocr_carea' id='block_1_6' title="bbox 2233 1880 2336 1931">
    <p class='ocr_par' dir='ltr' id='par_1_16' title="bbox 2233 1880 2336 1931">
     <span class='ocr_line' id='line_1_42' title="bbox 2233 1880 2336 1931; baseline 0 -1"><span class='ocrx_word' id='word_1_237' title='bbox 2233 1880 2336 1931; x_wconf 82' lang='lat'><strong>485</strong></span> 
     </span>
    </p>
   </div>
   <div class='ocr_carea' id='block_1_7' title="bbox 2234 2315 2338 2365">
    <p class='ocr_par' dir='ltr' id='par_1_17' title="bbox 2234 2315 2338 2365">
     <span class='ocr_line' id='line_1_43' title="bbox 2234 2315 2338 2365; baseline 0.01 -1"><span class='ocrx_word' id='word_1_238' title='bbox 2234 2315 2338 2365; x_wconf 83' lang='lat'><strong>490</strong></span> 
     </span>
    </p>
   </div>
   <div class='ocr_carea' id='block_1_8' title="bbox 2233 2751 2336 2801">
    <p class='ocr_par' dir='ltr' id='par_1_18' title="bbox 2233 2751 2336 2801">
     <span class='ocr_line' id='line_1_44' title="bbox 2233 2751 2336 2801; baseline 0 0"><span class='ocrx_word' id='word_1_239' title='bbox 2233 2751 2336 2801; x_wconf 86' lang='lat'><strong>495</strong></span> 
     </span>
    </p>
   </div>
   <div class='ocr_carea' id='block_1_9' title="bbox 2236 3180 2339 3230">
    <p class='ocr_par' dir='ltr' id='par_1_19' title="bbox 2236 3180 2339 3230">
     <span class='ocr_line' id='line_1_45' title="bbox 2236 3180 2339 3230; baseline 0 -1"><span class='ocrx_word' id='word_1_240' title='bbox 2236 3180 2339 3230; x_wconf 87' lang='grc'><strong>500</strong></span> 
     </span>
    </p>
   </div>
  </div>
 </body>
</html>
