2725 3917
1017 254 1293 306 VERGILI
1337 251 1667 302 AENEIDOS
1714 251 1802 300 VI.

394 420 514 473 Hac
538 418 645 471 iter
669 416 918 485 Elysium
945 418 1135 484 nobis;
1176 421 1235 469 at
1258 416 1418 469 laeva
1449 413 1726 467 malorum

393 504 631 559 Exercet
656 521 875 573 poenas,
905 509 961 558 et
987 504 1055 558 ad
1082 496 1254 572 impia
1279 502 1507 555 Tartara
1534 499 1768 553 mittit.'’

393 593 714 661 Deiphobus
738 596 968 645 contra.
1014 590 1156 644 “Ne
1181 589 1346 658 saevi,
1380 603 1581 656 magna
1600 586 1886 653 sacerd0s;

391 679 699 748 Discedam,
730 678 964 747 explebo
989 693 1297 744 numerum,
1328 675 1632 743 reddarque
1658 674 1917 727 tenebris.

335 747 360 844 J
391 767 419 819 I
444 767 668 837 decus,
653 785 688 835 1,
718 771 1000 833 nostrum3
1044 764 1365 820 melioribus
1398 767 1559 815 utere
1583 760 1771 814 fatisss’

207 1089 238 1140 s

392 854 626 908 Tantum
652 855 869 920 effatus,
898 857 955 906 et
978 852 1038 905 in
1064 851 1238 905 verbo
1267 848 1500 917 vestigia
1524 848 1703 901 torsit.

460 942 707 1011 Respicit
730 942 975 995 Aeneas:
1018 939 1199 993 subito
1231 941 1287 990 et
1316 937 1418 989 sub
1451 952 1586 1003 rupe
1616 935 1837 987 sinistra

393 1029 609 1083 Moenia
633 1030 746 1083 lata
770 1029 936 1095 videt,
964 1027 1168 1096 triplici
1195 1023 1534 1078 circumdata
1558 1038 1731 1088 muro,

390 1117 544 1181 Quae
569 1115 791 1184 rapidus
815 1116 1051 1169 flammis
1077 1113 1252 1167 ambit
1282 1103 1632 1164 torrentibus
1649 1108 1840 1175 amnis,

387 1202 680 1256 Tartareus
703 1201 1067 1270 Phlegethon,
1097 1204 1430 1268 torquetque
1465 1195 1718 1250 sonantia
1742 1212 1891 1250 saxa.

325 1302 346 1394 s
388 1290 556 1343 Porta
582 1289 824 1356 adversa,
853 1289 1063 1357 ingens,
1104 1287 1388 1356 solidoque
1414 1286 1706 1339 adamante
1731 1282 2037 1351 columnae,

320 1411 324 1422 «
388 1374 493 1428 Vis
516 1380 578 1429 ut
600 1373 751 1428 nulla
775 1377 971 1444 virum,
1000 1392 1112 1429 non
1137 1375 1243 1443 ipsi
1278 1366 1596 1427 exscindere
1625 1369 1770 1423 bello

309 1439 320 1509 ἰ

388 1461 693 1515 Caelicolae
721 1463 966 1530 valeant3
1008 1468 1117 1515 stat
1143 1463 1327 1515 ferrea
1359 1459 1528 1514 turris
1552 1458 1622 1512 ad
1646 1472 1821 1523 auras,

386 1547 793 1617 Tisiphoneque
849 1550 1027 1615 edens,
1056 1549 1206 1617 palla
1234 1548 1513 1601 succincta
1543 1551 1787 1613 cruenta,

387 1635 741 1689 Vestibulum
766 1638 1044 1690 exsomnis
1070 1642 1254 1690 servat
1285 1642 1584 1705 noctesque
1609 1635 1852 1701 diesque.

386 1722 531 1776 Hinc
557 1723 802 1777 exaudiri
829 1724 1079 1791 gemitus
1112 1729 1167 1777 et
1194 1740 1356 1777 saeva
1381 1739 1578 1800 SQO

386 1809 666 1878 Verbera3
707 1816 827 1864 tum
852 1811 1057 1864 stridor
1081 1811 1233 1888 ferri,
1269 1815 1587 1878 tractaeque
1614 1814 1857 1862 catenae.

387 1896 652 1951 Constitit
676 1897 910 1965 Aeneas
940 1898 1280 1967 strepituque
1310 1899 1607 1952 exterritus
1631 1897 1825 1952 haesit.

389 1987 422 2013 “
441 1986 593 2050 Quae
620 1985 888 2039 scelerum
913 1985 1117 2039 facies?
1157 2003 1190 2039 o
1221 1987 1398 2054 vit-gn,
1432 1985 1632 2052 offan-03
1678 1985 1946 2053 quibusve

375 2070 667 2138 'Urgentur
690 2073 920 2139 poenis?
960 2073 1079 2140 quis
1103 2078 1292 2125 tantus
1323 2073 1557 2141 plangor
1582 2073 1650 2126 ad
1677 2073 1871 2126 auras?
1888 2072 1921 2099 '‘

386 2156 520 2209 Tum
550 2162 704 2210 vates
728 2159 806 2211 sic
831 2174 954 2211 orsa
978 2157 1156 2226 loqui:
1193 2158 1375 2211 “Dux
1404 2160 1612 2214 inclute
1639 2162 1927 2230 Teucrum,

386 2243 539 2296 Nulli
566 2245 649 2297 fas
672 2249 825 2297 casto
850 2244 1176 2298 sceleratum
1200 2245 1451 2300 insistere
1476 2247 1644 2302 limen
1664 2268 1678 2313 ς

335 2353 344 2404 ἰ
387 2331 495 2384 Sed
519 2348 608 2384 me
634 2347 757 2384 cum
781 2332 920 2385 lucis
946 2331 1154 2386 Hecate
1183 2334 1447 2400 praefecit
1475 2336 1730 2404 AverniS,

341 2407 347 2421 ⁸
385 2415 514 2483 Ipsa
529 2416 700 2468 deum
726 2433 932 2483 poenas
954 2416 1157 2484 docuit,
1195 2434 1401 2487 perque
1429 2422 1614 2475 omnia
1639 2422 1814 2475 (luxit.

387 2503 620 2556 Cnosius
643 2504 779 2557 haec
804 2504 1262 2560 Rhadamanthus
1292 2508 1800 2578 habet‚du1lss1ma
1824 2534 2009 2588 regna,

336 2590 739 2682 Castigatque
765 2591 1025 2660 auditque
1050 2592 1220 2662 dolos,
1261 2598 1577 2668 subg-tque
1602 2603 1784 2672 fateri,

336 2656 539 2741 Quae
567 2679 686 2745 quis
712 2677 855 2745 apud
881 2694 1121 2747 superOS,
1157 2681 1309 2736 furto
1338 2685 1612 2740 laetatus
1597 2693 1764 2758 mani,

387 2763 655 2816 Distulit
640 2781 698 2816 1n
724 2781 900 2818 seram
927 2767 1215 2821 commissa
1249 2768 1467 2837 piacula
1491 2785 1745 2834 mortem.

335 2852 346 2918 ξ
387 2849 667 2903 Continuo
693 2852 866 2904 sontis
890 2852 1058 2905 ultrix
1092 2854 1337 2909 accincta
1364 2858 1579 2930 flagello

321 2921 344 3072 i

384 2936 680 3005 Tisiphone
706 2940 885 3006 quatit
908 2942 1194 3017 insultans,
1236 2955 1536 3022 torvosque
1570 2956 1790 3011 sinistra

385 3025 676 3078 Intentaus
703 3027 894 3093 anguis
921 3038 1085 3086 vocat
1116 3039 1336 3104 agmina
1363 3057 1525 3095 saeva
1550 3060 1817 3099 sororum.

385 3113 521 3164 Tum
550 3112 769 3166 demum
788 3115 1081 3174 horrisono
1118 3125 1414 3181 stridentes
1439 3130 1660 3185 cardine
1685 3150 1872 3188 sacrae

384 3198 710 3253 Panduntur
734 3210 945 3270 portae.
1026 3207 1234 3278 Cernis,
1265 3215 1512 3269 custodia
1537 3219 1711 3285 qualis

386 3287 679 3343 Vestibulo
706 3292 932 3346 sedeat?
973 3295 1144 3349 facies
1173 3313 1311 3366 quae
1340 3300 1532 3357 limina
1559 3308 1778 3362 servet?

386 3374 801 3445 Quinquaginta
827 3379 961 3432 atris
984 3379 1238 3436 immanis
1262 3384 1502 3442 hiatibus
1528 3389 1721 3457 Hydra

386 3461 613 3516 Saevior
638 3464 786 3518 intus
810 3466 978 3519 habet
1004 3468 1204 3523 sedem.
1284 3472 1423 3526 Tum
1453 3474 1713 3531 Tartarus
1738 3480 1856 3547 ipse

386 3547 480 3601 Bis
505 3554 660 3618 patet
684 3552 742 3604 in
767 3569 1029 3623 praeceps
1054 3559 1267 3610 tantum
1296 3561 1584 3629 tenditque
1610 3564 1712 3617 sub
1735 3566 1976 3634 umbras,

2324 677 2427 728 545

2323 1073 2428 1162 550

2323 1545 2426 1596 555

2321 1989 2427 2040 560

2321 2427 2425 2479 565

2320 2867 2424 2924 570

2319 3308 2422 3363 575
