2725 3917
983 258 1261 309 VERGILI
1305 257 1637 308 AENEIDOS
1679 257 1773 309 111.

360 422 466 476 Hic
489 439 597 491 me,
622 421 755 476 dum
781 421 984 492 trepidi
1009 419 1254 475 crudelia
1275 418 1468 472 limina
1489 419 1766 488 linquunt,

358 509 715 563 Immemores
741 509 874 563 socii
899 511 1058 562 vasto
1083 506 1342 575 Cyclopis
1363 506 1425 558 in
1449 511 1610 561 antro

358 596 682 650 Deseruere.
756 595 971 648 Domus
996 594 1147 647 sanie
1172 593 1515 661 dapibusque
1540 592 1796 661 cruentis,

360 681 517 735 Intus
540 698 724 751 opaca,
754 682 964 750 ingens.
1038 681 1166 750 Ipse
1193 679 1412 748 arduus,
1442 680 1661 748 altaque
1686 680 1873 749 pulsat

359 767 710 837 Sidera-Di,
740 769 908 823 talem
932 767 1096 822 terris
1120 767 1356 821 avertite
1381 770 1594 835 pestem
1613 767 1703 820 1-

359 855 479 910 Nec
503 856 625 909 visu
649 857 830 911 facilis
853 872 953 910 nec
977 855 1127 909 dictu
1155 854 1414 909 adfabilis
1436 854 1553 909 uui.

359 942 680 997 Visceribus
702 944 1026 997 miserorum
1055 947 1112 996 et
1137 942 1404 1010 sanguine
1428 942 1669 996 vescitur
1693 946 1833 996 atro·

359 1029 495 1084 Vidi
519 1035 751 1099 egomet,
779 1030 890 1084 duo
915 1029 983 1083 de
1007 1044 1239 1082 numero
1266 1045 1393 1082 cum
1418 1044 1654 1096 corpora
1674 1033 1870 1082 nostro

357 1115 566 1171 Prensa
589 1134 758 1171 manu
781 1132 984 1185 magna
1006 1115 1191 1168 medio
1215 1115 1507 1182 resupinus
1531 1115 1588 1167 in
1614 1119 1776 1168 antro

358 1203 661 1271 Frangeret
684 1203 754 1257 ad
780 1220 989 1271 saxum,
1021 1202 1278 1269 sanieque
1303 1217 1564 1270 exspersa
1585 1206 1846 1255 natarent

357 1288 604 1358 Limina3
642 1290 759 1344 vidi
784 1294 907 1344 atro
932 1305 1058 1343 cum
1082 1289 1333 1342 membra
1355 1286 1587 1342 fluentia
1612 1288 1744 1342 tabo

357 1375 665 1445 Manderet,
694 1381 749 1430 et
774 1375 951 1445 tepidi
976 1379 1279 1429 tremerent
1303 1376 1405 1428 sub
1430 1375 1689 1429 dentibus
1713 1382 1879 1430 artus.

357 1463 523 1517 Haud
547 1464 773 1532 impune
801 1462 1051 1531 quidem3
1095 1478 1199 1516 nec
1222 1462 1356 1516 talia
1379 1479 1572 1531 passus
1596 1462 1803 1532 Ulixes,

359 1549 647 1604 Oblitusve
671 1548 757 1603 sui
781 1554 865 1603 est
890 1549 1116 1603 Ithacus
1141 1549 1457 1603 discrimine
1479 1553 1656 1603 tanto,

311 1666 318 1672 ·
358 1637 504 1691 Nam
529 1636 691 1691 simul
716 1637 969 1705 expletus
992 1636 1226 1703 dapibus
1250 1637 1491 1705 vinoque
1516 1636 1764 1704 sepultus

358 1724 643 1779 Oervicem
670 1724 930 1778 inflexam
952 1723 1154 1793 posuit,
1181 1723 1460 1792 iacuitque
1485 1740 1585 1794 per
1609 1728 1830 1777 antrum

356 1811 678 1880 Immensum,
708 1811 915 1867 saniem
941 1816 1197 1866 eructans
1222 1815 1279 1865 et
1303 1810 1479 1865 frusta
1501 1816 1733 1865 cruento

356 1898 467 1953 Per
490 1918 743 1955 somnum
769 1902 1067 1957 commixta
1089 1918 1260 1970 mem,
1288 1918 1408 1970 nos,
1436 1917 1639 1969 magna
1667 1899 1877 1968 precati

356 1985 603 2042 Numina
627 1989 921 2058 sortitique
944 1989 1108 2057 viceS,
1139 2005 1249 2043 una
1271 1989 1514 2058 undique
1541 1988 1748 2042 circum

355 2079 676 2148 Fundimur,
706 2085 763 2134 et
786 2080 898 2133 telo
919 2077 1108 2133 lumen
1134 2079 1479 2132 terebramus
1505 2082 1684 2144 acute,

354 2164 571 2235 Ingens,
602 2166 750 2235 quod
775 2170 936 2219 torva
959 2165 1137 2218 solum
1164 2165 1265 2217 sub
1287 2164 1480 2217 fronte
1504 2164 1728 2233 latebat,

355 2252 604 2321 Argolici
628 2251 788 2322 clipei
813 2256 910 2306 aut
932 2251 1226 2306 Phoebeae
1248 2252 1520 2320 lampadis
1542 2252 1733 2318 instar,

353 2338 428 2392 Et
450 2338 675 2393 tandem
697 2338 829 2393 laeti
853 2339 1129 2393 sociorum
1153 2339 1470 2393 ulciscimur
1494 2339 1731 2394 umbras,

355 2425 466 2480 Sed
489 2426 682 2495 fugite,
712 2443 746 2480 o
769 2426 971 2495 miseri,
999 2426 1189 2495 fugite,
1221 2432 1386 2495 atque
1412 2428 1482 2481 ab
1507 2426 1668 2480 litore
1693 2427 1885 2480 funem

354 2512 631 2582 Rumpite.

354 2598 410 2652 N
411 2616 501 2653 am
526 2600 702 2669 qualis
726 2604 1071 2670 quantusque
1095 2618 1234 2656 cavo
1257 2600 1633 2670 Polyphemus
1655 2600 1714 2653 in
1739 2605 1901 2654 antro

354 2685 649 2755 Lanigeras
673 2687 879 2742 claudit
901 2688 1141 2757 pecudes
1165 2693 1330 2757 atque
1355 2689 1526 2740 ubera
1549 2692 1778 2756 pressat,

355 2772 592 2827 Centum
618 2774 711 2828 alii
735 2791 904 2829 curva
926 2774 1064 2830 haec
1088 2774 1343 2829 habitant
1368 2774 1438 2828 ad
1460 2774 1629 2828 litora
1652 2774 1817 2842 volgo

354 2857 578 2911 Infandi
605 2857 873 2928 Cyclopes
898 2866 955 2914 et
978 2858 1105 2913 altis
1126 2859 1414 2913 montibus
1439 2864 1640 2914 errant.

356 2945 541 3000 Tertia
562 2947 675 3001 iam
698 2946 886 3002 Lunae
912 2963 970 3001 se
994 2963 1202 3001 cornua
1224 2946 1433 3001 lumine
1459 2947 1753 3016 complent,

356 3033 496 3087 Cum
522 3034 695 3088 vitam
719 3034 778 3087 in
802 3034 954 3088 silvis
977 3033 1124 3088 inter
1148 3034 1371 3089 deserta
1393 3035 1633 3089 ferarum

353 3120 554 3175 Lustra
576 3120 880 3190 domosque
903 3121 1083 3191 trah0‚
1113 3126 1412 3190 vastosque
1438 3122 1507 3175 ab
1531 3138 1669 3190 rupe
1696 3119 1970 3189 Cyclopas

353 3207 652 3277 Prospicio,
680 3208 1029 3276 sonitumque
1053 3208 1254 3277 pedum
1283 3224 1584 3276 vocemque
1608 3212 1898 3261 tremesco·

355 3294 585 3348 Victum
609 3294 901 3363 infelicem,
931 3294 1098 3348 bacas
1120 3292 1475 3363 lapidosaque
1501 3310 1684 3362 corna,

354 3381 506 3435 Dant
528 3381 684 3449 rami,
713 3386 770 3435 et
792 3380 961 3434 vulsis
985 3385 1221 3450 pascunt
1244 3380 1527 3434 radicibus
1549 3381 1770 3434 herbae.

355 3468 558 3522 Omnia
580 3468 942 3537 conlustrans,
968 3468 1114 3522 hanc
1137 3468 1378 3536 primum
1402 3468 1474 3522 ad
1497 3467 1662 3520 litora
1685 3466 1911 3521 classem

355 3553 633 3623 Conspexi
657 3554 990 3610 venientem.
1065 3553 1213 3609 Huic
1235 3571 1340 3624 me,
1371 3569 1747 3625 quaecumque
1770 3551 1983 3621 fuisset,

2295 771 2399 823 620
2477 775 2482 779 ’

2294 1206 2395 1257 625

2292 1639 2395 1691 630

2287 2076 2391 2129 635

2263 2480 2272 2488 ’
2287 2512 2393 2565 640

2289 2945 2391 2999 645

2290 3378 2394 3430 650
