2725 3917
986 232 1262 282 VERGILI
1307 230 1635 281 AENEIDOS
1678 231 1768 281 IV.

362 393 454 447 Ire
477 394 622 447 viam
649 397 706 446 et
729 392 922 459 Tyrios
947 393 1164 446 deserta
1189 409 1452 461 quaerere
1477 397 1643 446 terra.

362 478 732 537 Eumenidum
757 479 931 532 veluti
958 479 1186 532 demens
1210 478 1364 531 videt
1390 480 1613 544 agmina
1635 478 1935 547 Pentheus,

361 566 437 618 Et
462 565 633 622 solem
657 565 936 632 geminum
962 569 1018 617 et
1043 564 1279 632 duplicis
1303 581 1361 618 se
1388 565 1677 618 ostendere
1700 564 1945 633 Thebas3

363 651 482 704 Aut
506 649 976 720 Agamemnonius
997 651 1209 703 scaenis
1233 651 1476 718 agitatus
1503 651 1731 705 Orestes

361 737 657 794 Armatam
682 737 892 790 facibus
916 740 1147 790 matrem
1175 741 1232 790 et
1259 738 1609 805 serpentibus
1634 738 1768 790 atris
1835 725 1848 766 κ

364 825 506 878 Oum
528 823 684 892 fugit,
713 822 1044 891 ultricesque
1070 823 1264 876 sedent
1289 823 1349 875 in
1374 823 1565 876 limine
1589 822 1778 877 Dirae.

431 910 581 978 Ergo
604 910 700 964 ubi
726 909 982 992 concepit
1005 908 1176 963 furias
1201 909 1386 963 evicta
1409 909 1602 963 dolore

361 996 733 1065 Decrevitque
753 996 911 1064 mori,
939 999 1154 1063 tempus
1179 1012 1365 1049 secum
1388 997 1512 1064 ipsa
1535 995 1869 1067 modumque

361 1082 568 1153 Exigit,
597 1088 668 1152 et,
695 1087 960 1136 maestam
984 1082 1148 1135 dictis
1173 1099 1430 1150 aggressa
1452 1099 1714 1152 sororem,

363 1169 664 1223 Consilium
689 1167 843 1221 voltu
866 1169 1022 1236 tegit,
1053 1184 1116 1220 ac
1141 1184 1291 1235 spem
1321 1169 1509 1223 fronte
1534 1175 1783 1224 serenat:

365 1257 400 1286 ‘⁴
418 1256 630 1324 Inveni,
659 1270 933 1323 germana,
960 1254 1695 1323 viam,—gratare'sorori—-

363 1341 517 1406 Quae
541 1340 677 1395 mihi
701 1340 898 1394 reddat
922 1356 1065 1409 eum,
1093 1340 1184 1394 vel
1209 1358 1274 1395 eo
1296 1359 1388 1395 me
1412 1342 1591 1397 solvat
1615 1349 1913 1399 amantem.

363 1428 570 1482 Oceani
593 1428 760 1484 finem
784 1429 941 1482 iuxta
965 1428 1243 1498 solemque
1269 1430 1560 1484 cadentem

361 1514 604 1571 Ultimus
628 1514 968 1582 Aethiopum
993 1515 1147 1569 locus
1172 1520 1269 1585 est,
1300 1517 1393 1570 ubi
1417 1517 1691 1571 maximus
1716 1517 1877 1571 Atlas

360 1600 540 1655 Axem
566 1618 758 1656 umero
783 1606 1004 1670 torquet
1032 1603 1204 1656 stellis
1230 1604 1549 1657 ardentibus
1574 1608 1794 1672 aptum:

361 1688 507 1742 Hinc
530 1688 667 1744 mihi
690 1687 959 1755 Massylae
985 1690 1167 1756 gentis
1190 1695 1498 1744 monstrata
1522 1690 1792 1758 sacerdos,

359 1774 728 1844 Hesperidum
752 1775 946 1843 templi
973 1782 1171 1845 custOS,
1201 1777 1495 1846 epulasque
1520 1777 1745 1830 draconi

360 1860 513 1926 Quae
538 1861 705 1917 dabat
730 1866 786 1915 et
810 1879 995 1917 sacros
1023 1864 1279 1918 servabat
1303 1864 1362 1917 in
1388 1865 1583 1917 arbore
1607 1879 1807 1930 ramos,

263 2003 269 2020 J
358 1949 629 2018 Spargens
656 1949 841 2003 umida
866 1950 1029 2004 mella
1055 1952 1532 2019 soporiferumque
1554 1965 1812 2017 papaver.

247 2025 263 2062 ‘³
357 2036 508 2091 Haec
533 2054 593 2090 se
618 2038 952 2091 carminibus
979 2038 1258 2105 promittit
1285 2037 1500 2090 solvere
1524 2040 1752 2102 mentes,

358 2123 506 2188 Quas
529 2125 679 2195 velit,
708 2130 791 2179 ast
819 2123 940 2178 aliis
967 2123 1132 2176 duras
1155 2122 1455 2175 immittere
1480 2138 1666 2189 curas3

357 2210 561 2264 Sistere
587 2227 783 2282 aquam
808 2210 1004 2277 fluviiS‚
1035 2212 1092 2261 et
1119 2213 1335 2262 vertere
1359 2208 1539 2262 sidera
1562 2214 1741 2276 retr03

354 2295 780 2367 Nocturnosque
805 2298 916 2352 ciet
940 2295 1148 2363 Manis3
1187 2295 1399 2363 mugire
1424 2295 1637 2350 videbis

356 2381 468 2436 Sub
493 2384 726 2452 pedibus
749 2389 969 2452 terram,
1000 2388 1056 2437 et
1081 2381 1414 2436 descendere
1436 2382 1719 2437 montibus
1744 2399 1930 2437 ornos.

355 2467 561 2541 Testor,
591 2489 733 2542 cara,
762 2473 896 2527 deos
923 2478 980 2527 et
1004 2477 1077 2539 te,
1108 2486 1387 2539 germana,
1416 2473 1682 2539 tuumque

352 2553 528 2610 Dulce
553 2565 733 2628 caput,
761 2560 999 2628 magicas
1022 2558 1255 2611 invitam
1280 2556 1553 2625 accingier
1578 2556 1728 2611 artis.

353 2639 435 2694 Tu
459 2650 672 2722 secreta
695 2663 889 2714 pyram
913 2652 1066 2701 tecto
1088 2646 1353 2700 interiore
1379 2646 1479 2698 sub
1504 2661 1664 2727 auras

350 2727 534 2798 Erige,
564 2737 620 2785 et
645 2748 798 2787 arma
821 2734 942 2802 viri,
975 2733 1217 2788 thalamo
1244 2750 1384 2802 quae
1406 2732 1519 2785 fixa
1541 2727 1763 2814 reliquit

350 2811 574 2883 ImpiuS,
605 2818 935 2886 exuviasque
963 2820 1154 2887 omnis,
1187 2818 1502 2887 lectumque
1527 2816 1781 2885 iugalem,

352 2899 475 2964 Quo
498 2903 652 2971 perii,
682 2905 1127 2974 superimponas:
1169 2905 1388 2959 abolere
1411 2904 1642 2958 nefandi

351 2985 566 3041 Cuncta
589 2989 696 3041 viri
719 2995 1080 3044 monumenta
1105 2991 1276 3058 iuvat,
1309 2994 1692 3057 monstratque
1717 2989 2027 3045 sacerdos.’'

348 3072 502 3128 Haec
527 3074 694 3145 effata
718 3076 854 3145 silet,
883 3077 1060 3145 pallor
1087 3077 1249 3130 simul
1276 3080 1511 3145 occupat
1538 3093 1649 3130 ora.
1675 3145 1676 3152 ἵ

346 3160 475 3214 Non
502 3167 689 3216 tamen
713 3163 881 3216 Anna
904 3164 1062 3215 novis
1086 3170 1410 3231 praetexere
1435 3164 1630 3224 funerd
1654 3163 1824 3217 sacris

347 3247 681 3303 Germanam
708 3248 900 3316 credit,
928 3264 1032 3301 nec
1056 3253 1244 3301 tantos
1265 3253 1455 3302 mente
1481 3249 1698 3303 furores

346 3334 621 3405 Concipit,
650 3340 746 3390 aut
769 3335 1028 3406 graviora
1050 3335 1213 3388 timet
1257 3351 1423 3402 quam
1447 3339 1627 3388 morte
1653 3334 1903 3401 Sychaei.
1983 3341 2044 3440 ἰ

342 3419 490 3489 Ergo
516 3423 659 3476 iussa
681 3427 859 3491 parat.
2038 3429 2042 3435 ’

414 3509 494 3561 At
518 3509 723 3578 regina,
750 3525 890 3577 pyra
912 3507 1182 3576 penetrali
1208 3508 1261 3560 in
1289 3507 1420 3561 sede
1445 3507 1545 3560 sub
1572 3522 1733 3559 auras

2294 569 2399 622 470

2293 996 2397 1052 475

2290 1433 2398 1486 480

2209 1867 2391 1918 ,485

2284 2299 2391 2350 490

2281 2734 2385 2785 495

2277 3163 2382 3214 500
