2725 3917
976 228 1255 279 VERGILI
1301 228 1631 278 AENEIDOS
1676 227 1738 278 V.

340 389 493 445 Haec
518 389 701 443 effata.

336 477 419 530 At
441 481 647 530 matres
670 476 854 544 primo
878 476 1162 545 ancipites,
1192 476 1474 545 oculisque
1498 476 1758 544 malignis

336 561 651 631 Ambiguae
677 567 928 630 spectare
957 569 1103 616 rates
1127 563 1392 616 miserum
1416 565 1565 616 inter
1587 579 1834 617 amorem
2278 565 2378 616 655

337 649 651 703 Praesentis
674 654 859 702 terrae
885 649 1124 717 fatisque
1150 650 1411 703 vocantia
1435 666 1635 717 regna:

339 736 478 789 Cum
504 736 609 789 dea
631 753 691 789 se
716 736 940 804 paribus
963 751 1064 804 per
1087 735 1299 789 caelum
1327 736 1552 790 sustulit
1577 737 1682 789 alis

339 822 737 892 lugentemque
760 822 897 890 fuga
922 821 1099 875 secuit
1124 823 1227 876 sub
1250 823 1489 875 nubibus
1515 839 1720 876 arcum.

340 908 476 961 Tum
500 926 635 962 vero
660 909 931 962 attonitae
954 909 1221 961 monstris
1244 917 1509 977 actaeque
1533 910 1724 962 furore

342 996 720 1064 Conclamant,
747 996 1080 1064 rapiuntque
1105 996 1250 1049 focis
1272 995 1652 1064 penetralibus
1675 997 1889 1064 ignem3
2276 1000 2379 1049 660

338 1083 476 1136 Pars
500 1082 738 1151 spoliant
761 1098 902 1150 arae,
928 1082 1185 1136 frondem
1210 1099 1273 1136 ac
1300 1083 1543 1151 virgulta
1565 1082 1822 1151 facesque

343 1169 654 1223 Coniciunt.
728 1168 889 1222 Furit
914 1169 1173 1222 immissis
1199 1169 1485 1223 Volcanus
1510 1168 1745 1223 habenis

342 1256 601 1310 Transtra
624 1272 723 1325 per
748 1260 805 1309 et
828 1272 1010 1309 remos
1037 1261 1096 1310 et
1117 1257 1293 1324 pictas
1317 1257 1499 1311 abiete
1524 1257 1742 1324 puppis.

340 1343 585 1397 Nuntius
608 1342 887 1396 Anchisae
913 1343 982 1396 ad
1008 1343 1283 1396 tumulum
1309 1359 1621 1411 cuneosque
1645 1343 1850 1397 theatri

340 1430 601 1484 Incensas
624 1429 835 1499 perfert
858 1430 1019 1483 navis
1042 1429 1319 1498 Eumelus,
1348 1437 1405 1484 et
1427 1430 1532 1498 ipsi
2276 1434 2377 1485 665

339 1518 663 1587 Respiciunt
689 1523 866 1570 atram
892 1517 946 1569 in
975 1517 1166 1571 nimbo
1191 1517 1428 1571 volitare
1453 1517 1718 1571 favillam.

338 1605 557 1659 Primus
578 1610 637 1659 et
662 1604 947 1671 Ascanius,
978 1621 1169 1658 cursus
1194 1610 1259 1658 ut
1279 1605 1459 1659 laetus
1493 1605 1763 1674 equestris

338 1692 604 1760 Ducebat,
634 1693 713 1745 sic
738 1708 865 1745 acer
890 1708 1030 1760 equo
1054 1693 1279 1746 turbata
1301 1693 1502 1760 petivit

341 1779 547 1846 Castra,
574 1794 677 1832 nec
702 1778 982 1832 exanimes
1004 1785 1236 1847 possunt
1262 1780 1503 1833 retinere
1529 1779 1796 1846 magistri.

344 1866 532 1930 “Quis
551 1866 838 1919 furor-iste
863 1867 1073 1919 novus?
1113 1882 1222 1933 quo
1245 1882 1410 1932 nunc,
1440 1883 1550 1933 quo
1573 1866 1806 1920 tenditis
1830 1866 1862 1894 ”
1888 1867 2083 1935 inquit,
2274 1867 2376 1922 670

344 1952 515 2007 “Heu
540 1953 771 2005 miserae
796 1951 978 2005 cives?
1017 1968 1133 2005 non
1158 1952 1377 2006 hostem
1404 1951 1733 2020 inimicaque
1759 1957 1940 2006 castra

341 2039 623 2107 Argivom,
651 2042 864 2092 vestras
887 2055 1014 2106 spes
1038 2039 1211 2092 uritis.
1286 2039 1390 2106 En,
1419 2055 1522 2106 ego
1547 2045 1729 2092 vester

341 2125 638 2180 Ascanius!
663 2125 695 2152 ’²
770 2124 1000 2179 Galeam
1026 2131 1154 2178 ante
1180 2125 1348 2194 pedes
1372 2126 1606 2193 proiecit
1636 2126 1874 2194 inanem,

343 2210 462 2274 Qua
486 2211 619 2264 ludo
646 2210 872 2264 indutus
897 2211 1024 2264 belli
1051 2212 1342 2266 simulacra
1367 2213 1560 2267 ciebat.

338 2297 629 2352 Accelerat
654 2297 817 2351 simul
845 2298 1075 2365 AeneaS,
1104 2298 1267 2351 simul
1291 2299 1512 2365 agmina
1538 2299 1827 2354 Teucrum.
2273 2300 2374 2357 675

340 2385 443 2438 Ast
468 2385 594 2438 illae
620 2384 844 2438 diversa
867 2391 1018 2439 metu
1045 2402 1144 2453 per
1168 2384 1337 2439 litora
1359 2387 1564 2453 passim

337 2458 666 2541 Diffugiunt,
696 2472 968 2540 silvasque
994 2477 1051 2525 et
1075 2473 1249 2526 sicubi
1277 2490 1523 2528 concava
1549 2474 1745 2528 furtim

339 2558 481 2612 Saxa
503 2563 731 2627 petunt3
772 2558 926 2627 piget
950 2559 1154 2625 incepti
1180 2559 1442 2628 lucisque,
1473 2577 1709 2629 suosque

338 2644 578 2699 Mutatae
604 2649 930 2713 agnoscunt,
959 2661 1299 2715 excussaque
1325 2654 1553 2714 pectore
1578 2648 1719 2701 Iuno
1743 2655 1845 2704 est.

339 2731 443 2785 Sed
467 2749 579 2786 non
603 2731 814 2786 idcirco
839 2730 1091 2786 flammae
1115 2737 1283 2801 atque
1307 2734 1565 2788 incendia
1591 2735 1725 2788 viris
2275 2740 2376 2790 630

338 2819 643 2873 Indomitas
665 2835 932 2888 posuere;
971 2818 1085 2873 udo
1111 2821 1214 2873 sub
1239 2821 1441 2875 robore
1463 2822 1604 2875 vivit

338 2906 546 2977 Stuppa
569 2924 804 2962 vomens
830 2907 1054 2961 tardum
1079 2909 1311 2976 fumum,
1339 2908 1629 2978 lentusque
1654 2910 1870 2964 carinas

336 2992 435 3048 Est
456 3011 649 3064 vapor,
679 2999 739 3048 et
762 2998 885 3047 toto
908 2989 1192 3048 descendit
1219 3011 1449 3063 corpore
1474 2996 1659 3064 pestis,

336 3080 389 3133 N
391 3099 453 3135 ec
477 3083 626 3136 vires
649 3083 881 3136 heroum
907 3082 1198 3151 infusaque
1223 3081 1452 3137 flumina
1475 3090 1724 3151 prosunt.

282 3207 301 3220 ,
335 3167 468 3222 Tum
496 3170 622 3238 pius
648 3170 868 3223 Aeneas
895 3170 1098 3222 umeris
1123 3169 1450 3223 abscindere
1477 3175 1705 3239 vestem,
2274 3172 2375 3224 685

329 3255 669 3326 Auxilioque
693 3273 897 3310 vocare
924 3256 1070 3326 deOS,
1101 3262 1159 3310 et
1180 3256 1408 3310 tendere
1432 3257 1669 3325 palmas:

332 3342 635 3413 “Iuppiter
663 3345 1035 3412 omnipotenS‚
1064 3346 1111 3397 si
1135 3344 1384 3398 nondum
1410 3361 1610 3398 exosus
1633 3343 1704 3399 ad
1731 3362 1903 3398 unum

324 3429 617 3498 Troianos,
648 3431 695 3483 si
722 3430 854 3499 quid
880 3430 1059 3498 pietas
1084 3431 1313 3500 antiqua
1334 3430 1552 3485 labores

320 3515 583 3588 Respicit
607 3516 896 3583 humanOS,
925 3516 997 3569 da
1019 3516 1296 3570 flammam
1322 3516 1557 3570 evadere
1583 3516 1744 3569 classi

112 3815 367 3884 *effi*
400 3829 479 3884 -ε,
528 3845 543 3860 .
638 3885 641 3886 ⁷
