2725 3917
910 252 1188 305 VERGILI
1231 254 1562 305 AENEIDOS
1605 255 1696 306 VI.

308 416 409 472 Nec
425 434 559 471 vero
583 415 811 470 Alcides
833 419 1052 470 tantum
1076 415 1290 469 telluris
1314 416 1506 485 obivit,

306 504 497 558 Fixerit
521 503 838 572 aeripedem
864 520 1086 557 cervam
1111 503 1255 571 licet,
1286 510 1385 557 aut
1408 504 1742 570 Erymanthi

306 590 508 644 Pacarit
531 607 776 657 nemora,
809 595 868 643 et
891 590 1126 643 Lernam
1150 591 1524 644 tremefecerit
1544 608 1704 660 arcu3

304 675 352 728 N
354 693 423 745 ec,
454 677 547 745 qui
570 676 876 745 pampineis
900 677 1077 729 victor
1100 677 1230 744 iuga
1251 676 1428 730 flectit
1452 677 1698 746 habenis,

303 763 466 831 Liber,
495 780 663 832 agens
686 762 833 817 celso
857 761 1046 830 Nysae
1069 762 1139 816 de
1163 763 1372 816 vertice
1398 763 1568 831 tigris,
1812 831 1819 842 ἱ

302 849 368 903 Et
388 849 704 904 dubitamus
728 849 908 903 adhuc
934 849 1195 902 virtutem
1220 849 1519 903 extendere
1543 851 1716 920 factiS,
1829 840 1863 892 Α

300 937 409 991 Aut
430 942 613 991 metus
639 937 886 990 Ausonia
908 935 1170 1004 prohibet
1194 937 1495 990 consistere
1518 940 1700 991 terra?

303 1023 424 1089 Quis
446 1023 640 1092 procul
664 1023 754 1077 ille
780 1028 965 1077 autem
990 1024 1157 1076 ramis
1181 1023 1416 1091 insignis
1439 1023 1622 1078 olivae

301 1110 456 1164 Sacra
478 1111 695 1165 ferens?
767 1109 957 1164 Nosco
980 1110 1150 1163 crinis
1172 1110 1479 1178 incanaque
1502 1113 1695 1165 menta

298 1196 456 1266 Regis
479 1196 731 1264 Romani,
759 1197 994 1265 primam
1023 1197 1116 1265 qui
1144 1196 1359 1265 legibus
1383 1197 1576 1251 urbem

298 1283 579 1352 Fundabit‚
611 1284 851 1337 Curibus
873 1284 1061 1353 parvis
1086 1288 1143 1338 et
1166 1301 1409 1353 paupere
1433 1291 1584 1339 terra

297 1370 488 1424 Missus
511 1370 570 1424 in
588 1370 881 1439 imperium
906 1387 1185 1439 magnum.
1260 1371 1363 1425 Cui
1389 1371 1587 1426 deinde
1612 1372 1834 1442 subibit,

298 1460 420 1516 Otia
442 1461 537 1531 qui
560 1466 781 1530 rumpet
803 1462 1018 1530 patriae
1040 1461 1351 1531 residesque
1375 1465 1622 1518 movebit

295 1547 475 1602 Tullus
500 1550 560 1602 in
586 1566 739 1603 arma
762 1550 915 1602 viros
938 1554 994 1603 et
1018 1549 1128 1603 iam
1153 1549 1384 1603 desueta
1405 1552 1704 1620 triumphis

294 1635 547 1704 Agmina.
625 1635 803 1702 Quem
828 1636 986 1690 iuxta
1009 1636 1257 1704 sequitur
1279 1637 1575 1692 iactantior
1600 1640 1809 1706 Ancus,

294 1723 454 1779 Nunc
479 1741 695 1794 quoque
720 1725 831 1777 iam
855 1724 1085 1777 nimium
1110 1723 1357 1791 gaudens
1379 1725 1738 1793 popularibus
1762 1726 1924 1779 auris.

294 1811 393 1865 Vis
417 1817 472 1876 et
498 1811 826 1881 Tarquinios
851 1827 1023 1878 reges,
1054 1811 1406 1880 animamque
1430 1812 1721 1880 superbam

293 1898 503 1952 Ultoris
528 1898 705 1966 Bruti,
736 1899 1018 1966 fascesque
1044 1897 1235 1951 videre
1257 1899 1548 1966 receptos?

293 1985 545 2039 Consulis
568 1985 859 2054 imperium
883 1984 974 2037 hic
997 1985 1206 2053 primus
1229 2000 1526 2053 saevasque
1551 2000 1770 2039 secures

289 2075 557 2144 Accipiet,
587 2078 854 2142 natosque
877 2079 1035 2141 pater
1059 2089 1206 2126 nova
1230 2072 1377 2126 bella
1400 2073 1673 2126 moventis

288 2162 378 2215 Ad
403 2178 640 2231 poenam
664 2161 896 2229 pulchra
919 2177 1023 2228 pro
1049 2160 1306 2214 libertate
1334 2161 1571 2228 vocabit,

285 2249 515 2305 Infelix!
592 2250 904 2319 Utcumque
925 2251 1109 2303 ferent
1133 2267 1200 2303 ea
1221 2251 1370 2303 facta
1391 2250 1648 2317 minoreS,

286 2336 493 2392 Vincet
519 2354 675 2392 amor
699 2339 913 2406 patriae
940 2337 1270 2407 laudumque
1295 2339 1565 2391 immensa
1589 2338 1809 2406 cupido,

286 2423 433 2489 Quin
457 2425 660 2479 Decios
683 2424 1007 2493 Drusosque
1029 2425 1221 2493 procul
1248 2442 1578 2494 saevumque
1604 2426 1781 2479 securi
1834 2441 1841 2448 ·

280 2511 491 2579 Aspice
516 2511 855 2580 Torquatum
881 2517 937 2564 et
962 2512 1291 2566 referentem
1317 2513 1474 2580 signa
1500 2512 1807 2565 Camillum.

278 2597 418 2653 Illae
442 2603 645 2666 autem,
672 2598 899 2667 paribus
924 2616 1057 2667 quas
1079 2599 1290 2668 fulgere
1315 2600 1575 2653 cernis-in
1600 2599 1782 2666 armis,

282 2684 605 2739 Concordes
629 2686 844 2739 animae
867 2702 1017 2740 nunc
1042 2692 1099 2739 et
1122 2687 1253 2739 dum
1277 2692 1444 2740 nocte
1468 2692 1811 2756 premuntur,

279 2770 410 2826 Heu
437 2777 704 2842 quantum
729 2773 878 2826 inter
902 2789 959 2826 se
984 2771 1204 2842 bellum,
1234 2775 1279 2827 si
1305 2774 1517 2828 lumina
1540 2774 1688 2827 vitae

276 2860 609 2929 Attigerint,
640 2866 874 2929 quantas
901 2861 1046 2914 acies
1074 2866 1425 2930 stragemque
1449 2862 1674 2938 ciebunt
1696 2862 1731 2915 21

275 2946 598 3015 Aggeribus
619 2963 776 3000 socer
807 2946 1022 3015 Alpinis
1046 2953 1212 3017 atque
1235 2963 1360 3002 arce
1385 2947 1636 3001 Monoeci

273 3032 653 3101 Descendens,
682 3051 852 3102 gener
877 3035 1121 3089 adversis
1143 3036 1446 3088 instructus
1470 3035 1618 3089 Eois,

273 3118 331 3171 N
335 3137 385 3189 e,
415 3121 590 3189 pueri,
619 3137 691 3174 ne
715 3125 873 3175 tanta
898 3122 1097 3176 animis
1124 3121 1429 3175 adsuescite
1454 3122 1612 3188 bella,

272 3206 409 3261 Neu
434 3209 652 3277 patriae
675 3207 886 3261 validas
909 3208 969 3261 in
992 3209 1204 3262 viscera
1224 3209 1427 3262 vertite
1452 3209 1614 3275 viris3

271 3292 474 3363 Tuque
499 3293 670 3362 prior,
699 3298 761 3346 tu
781 3309 962 3362 parce,
993 3311 1166 3363 genus
1191 3296 1283 3363 qui
1308 3295 1464 3348 ducis
1489 3296 1745 3365 OlympO,

269 3378 478 3435 Proice
502 3382 619 3434 tela
640 3395 829 3447 manu,
860 3382 1082 3449 sanguis
1104 3383 1292 3435 meus!

269 3465 380 3521 Ille
407 3467 761 3536 triumphata
785 3465 1062 3535 Capitolia
1087 3467 1157 3521 ad
1183 3468 1293 3521 alta
1322 3468 1594 3523 Corintho

267 3549 486 3610 Wtor
505 3557 636 3623 aget
661 3570 900 3621 currum!
932 3554 1103 3608 caesis
1126 3553 1355 3622 insignis
1381 3556 1630 3609 Achivis

2221 770 2323 820 805

2216 1202 2322 1252 810

2220 1643 2321 1695 815

2217 2077 2322 2126 820

2217 2511 2321 2564 825

2219 2949 2323 2999 830

2217 3382 2319 3433 835
