2725 3917
1026 224 1304 275 VERGILI
1348 225 1679 275 AENEIDOS
1723 226 1787 277 V.

388 385 526 439 Cum
551 385 688 439 levis
714 385 974 439 aetheriis
998 384 1253 455 delapsus
1278 384 1513 439 Somnus
1539 387 1608 439 ab
1633 387 1795 440 astris

386 473 538 526 Aera
556 472 791 525 dimovit
816 472 1173 526 tenebrosum
1199 477 1255 525 et
1274 471 1504 540 dispulit
1528 473 1765 541 umbras,

387 558 478 625 Te,
507 558 780 626 Palinure,
809 563 1018 626 petens,
1047 558 1146 612 tibi
1173 558 1387 612 somnia
1412 559 1595 612 tristia
1619 564 1848 629 portans

386 642 628 709 Insonti;
671 636 947 711 puppique
974 640 1109 695 deus
1134 642 1385 696 consedit
1409 643 1469 696 in
1494 643 1620 712 alta,

385 729 692 785 Phorbanti
717 728 922 797 similis,
952 728 1240 798 funditque
1264 728 1365 783 has
1391 746 1486 784 ore
1509 730 1788 800 loquelas:

389 819 425 847 “
445 816 622 870 Iaside
646 815 921 883 Palinure,
944 815 1131 869 ferunt
1155 815 1277 886 ipsa
1304 832 1547 886 aequora
1569 817 1829 872 classem:

385 904 673 973 Aequatae
699 903 912 971 spirant
935 919 1130 972 aurae3
1171 902 1336 958 datur
1359 904 1500 958 hora
1524 905 1714 974 quieti.

385 992 538 1046 Pone
564 994 743 1060 caput,
770 989 1056 1058 fessosque
1082 990 1269 1044 oculos
1296 991 1483 1045 furare
1507 991 1701 1047 labori.

386 1079 511 1148 Ipse
536 1094 638 1146 ego
663 1077 940 1146 paulisper
966 1094 1069 1146 pro
1097 1083 1153 1132 te
1180 1085 1276 1133 tua
1298 1097 1532 1135 munera
1553 1081 1760 1136 inibo.’‘

387 1167 490 1220 Oui
514 1166 610 1218 vix
635 1164 892 1218 attollens
915 1164 1210 1219 Palinurus
1234 1166 1448 1222 lumina
1470 1169 1645 1224 fatur:

389 1252 598 1305 “Mene
623 1250 753 1304 salis
777 1249 976 1318 placidi
1003 1250 1218 1305 voltum
1246 1252 1553 1324 fluctusque
1579 1255 1798 1324 quietos

384 1339 649 1409 Ignorare
671 1339 864 1393 iubes?
899 1356 1062 1394 mene
1087 1340 1216 1394 huic
1241 1341 1520 1396 confidere
1544 1342 1833 1397 monstro?

385 1428 619 1480 Aenean
643 1426 864 1480 credam
889 1427 1026 1496 quid·
1046 1427 1192 1481 enim
1210 1428 1492 1483 fallacibus
1517 1430 1664 1483 auris

384 1514 458 1567 Et
484 1513 620 1567 caeli
642 1514 847 1567 totiens
872 1515 1134 1585 deeeptus
1158 1516 1351 1570 fraude
1377 1517 1592 1570 sereni?
1614 1517 1647 1545 '’

385 1599 540 1654 Talia
563 1600 710 1654 dicta
733 1600 914 1669 dabat,
945 1602 1267 1671 clavumque
1293 1602 1491 1658 affixus.
1515 1608 1571 1656 et
1596 1603 1829 1657 haerens

385 1687 673 1755 Nusquam
699 1688 1001 1758 amittebat,
1035 1689 1331 1759 oculosque
1359 1690 1460 1743 sub
1486 1694 1634 1744 astra
1660 1692 1903 1745 tenebat.

383 1774 528 1828 Ecce
552 1774 687 1828 deus
711 1791 924 1829 ramum
950 1775 1196 1831 Lethaeo
1220 1793 1344 1831 rore
1383 1777 1698 1831 madentem

385 1862 571 1932 Vique
596 1867 914 1931 soporatum
940 1863 1136 1934 Stygia
1159 1881 1322 1934 super
1347 1870 1579 1934 utraque
1603 1869 1825 1934 quassat

384 1951 669 2023 Tempora,
699 1954 1092 2023 cunctantique
1116 1953 1370 2007 natantia
1393 1952 1603 2006 lumina
1629 1952 1811 2006 solvit.

384 2039 496 2092 Vix
521 2042 730 2109 primos
753 2042 982 2110 inopina
1005 2041 1160 2110 quies
1182 2039 1467 2093 laxaverat
1492 2045 1661 2107 artus,

382 2125 456 2179 Et
479 2128 972 2195 superincumbens
996 2144 1121 2181 cum
1147 2125 1347 2195 puppis
1371 2129 1530 2193 parte
1552 2125 1772 2179 revulsa

385 2213 634 2283 Cumque
658 2213 991 2283 gubernaclo
1016 2212 1251 2282 liquidas
1273 2211 1506 2280 proiecit
1528 2210 1586 2264 in
1610 2211 1787 2266 undas

381 2299 751 2369 Praecipitem
776 2318 841 2356 ac
867 2301 1045 2355 socios
1070 2300 1401 2369 nequiquam
1428 2314 1591 2367 saepe
1617 2303 1926 2354 vocantem.

382 2384 509 2454 Ipse
535 2388 729 2442 volans
752 2388 935 2441 tenuis
961 2403 1019 2441 se
1045 2386 1266 2441 sustulit
1290 2385 1403 2439 ales
1427 2385 1496 2439 ad
1520 2401 1696 2440 auras,

384 2474 575 2529 Currit
595 2476 703 2529 iter
727 2480 908 2529 tutum
932 2490 1048 2528 non
1073 2475 1245 2528 setius
1271 2489 1509 2542 aequore
1535 2473 1737 2541 classis,

380 2561 783 2632 Promissisque
805 2563 978 2630 patris
1001 2561 1248 2631 Neptuni
1268 2561 1525 2615 interrita
1546 2561 1742 2614 fertur.

381 2649 607 2719 Iamque
629 2649 766 2702 adeo
792 2649 1045 2718 scopulos
1070 2647 1324 2703 Sirenum
1354 2648 1586 2702 advecta
1610 2646 1844 2716 subibat,

381 2735 634 2791 Difficilis
659 2736 935 2806 quondam
958 2737 1370 2806 multorumque
1396 2735 1611 2790 ossibus
1637 2734 1823 2802 albos;

382 2822 521 2876 Tum
545 2841 712 2879 rauca
737 2824 963 2878 adsiduo
986 2823 1150 2892 longe
1175 2823 1287 2877 sale
1314 2839 1448 2877 saxa
1471 2822 1776 2877 sonabant:

382 2911 522 2964 Cum
546 2916 707 2980 pater
719 2911 929 2965 amisso
952 2909 1265 2964 fluitantem
1294 2926 1478 2963 errare
1512 2908 1779 2977 magistro

381 2998 581 3068 Sensit,
610 3004 667 3052 et
690 2999 808 3067 ipse
832 3002 1008 3051 ratem
1032 2998 1318 3051 nocturnis
1343 2997 1492 3050 rexit
1516 2997 1569 3049 in
1597 2995 1775 3064 undis,

379 3084 559 3140 Multa
581 3101 821 3154 gemens,
851 3101 1089 3153 casuque
1113 3084 1355 3138 animum
1384 3099 1680 3138 concussus
1704 3081 1897 3137 amici:

383 3173 417 3201 ‘⁴
434 3172 483 3227 O
507 3173 740 3226 nimium
766 3171 916 3225 caelo
941 3175 997 3224 et
1019 3170 1216 3240 pelago
1242 3170 1444 3224 confise
1469 3186 1679 3235 sereno,

379 3258 577 3314 Nudus
599 3261 657 3314 in
682 3259 887 3329 ignota,
914 3255 1189 3327 Palinure,
1217 3257 1423 3311 iacebis
1446 3254 1712 3310 harena.”

2316 1433 2420 1484 850

2315 1866 2416 1917 855

2312 2301 2417 2351 860

2309 2736 2413 2788 865

2309 3170 2416 3226 870
