2725 3917
890 251 1166 301 VERGILI
1213 251 1543 301 AENEIDOS
1592 250 1679 302 VI.

268 411 419 481 llice,
447 412 527 466 sic
549 410 663 466 leni
688 412 995 482 crepitabat
1019 413 1245 466 bractea
1271 417 1459 466 vento,

271 499 517 569 Corripit
542 499 762 554 Aeneas
785 499 1066 569 extemplo
1092 499 1394 567 avidusque
1420 499 1677 568 refringit

271 584 656 653 Cunctantem,
685 590 742 639 et
767 586 909 639 vatis
933 590 1121 655 portat
1147 587 1248 639 sub
1276 590 1428 639 tecta
1452 585 1708 652 Sibyllae.

338 673 392 726 N
396 690 460 726 ec
485 673 669 726 minus
693 672 904 727 interea
929 672 1199 726 Misenum
1227 673 1284 724 in
1311 671 1476 725 litore
1502 672 1697 726 Teucri

269 759 515 826 Flebant,
546 764 604 813 et
628 759 797 813 cineri
823 759 1043 828 ingrato
1073 775 1331 827 suprema
1355 759 1630 812 ferebant.

268 846 548 914 Principio
571 847 833 917 pinguem
859 846 1036 901 taedis
1066 855 1122 900 et
1148 846 1348 899 robore
1373 850 1527 899 secto

269 932 559 1001 Ingentem
585 937 836 988 struxere
863 950 1075 1002 pyram,
1110 933 1199 986 cui
1226 932 1516 986 frondibus
1539 933 1676 986 atris

269 1019 534 1073 lntexunt
557 1020 745 1089 latera,
773 1025 831 1074 et
855 1019 1040 1074 feralis
1066 1025 1197 1073 ante
1226 1036 1517 1089 cupressos

271 1105 644 1173 Constituunt‚
673 1106 1045 1175 decorantque
1073 1123 1237 1176 super
1261 1107 1605 1175 fulgentibus
1629 1106 1811 1161 armis.

268 1193 405 1248 Pars
428 1193 634 1248 calidos
657 1194 851 1248 latices
874 1199 932 1248 et
956 1200 1096 1248 aena
1124 1194 1390 1249 undantia
1414 1194 1649 1248 flammis

266 1280 600 1350 Expediunt,
628 1297 934 1350 corpusque
959 1281 1150 1335 lavant
1176 1282 1434 1349 frigentis
1458 1286 1517 1335 et
1540 1285 1809 1348 unguunt.

268 1367 358 1420 Fit
380 1369 637 1435 gemitus.
712 1368 851 1422 Tum
875 1369 1126 1423 membra
1149 1373 1275 1423 toro
1302 1369 1505 1423 defleta
1527 1373 1820 1437 reponunt,

266 1452 688 1522 Purpureasque
712 1470 875 1524 super
899 1461 1095 1523 vestes,
1127 1455 1405 1509 velamina
1429 1461 1577 1523 nota,

268 1539 581 1594 Coniciunt.
657 1540 796 1595 Pars
820 1542 1030 1610 ingenti
1060 1542 1279 1595 subiere
1308 1543 1537 1610 feretrO,

265 1626 446 1680 Triste
469 1627 852 1696 ministerium,
882 1634 940 1681 et
963 1629 1268 1682 subiectam
1295 1645 1453 1682 more
1479 1633 1769 1697 parentum

262 1714 467 1767 Aversi
494 1720 724 1768 tenuere
748 1693 941 1769 facem.
1018 1715 1296 1784 Congesta
1320 1720 1637 1769 cremantur

265 1799 444 1854 Turea
467 1800 630 1868 dona,
658 1800 842 1870 dapes,
871 1801 994 1855 fuso
1020 1807 1259 1856 crateres
1285 1802 1452 1856 olivo,

260 1887 567 1956 Postquam
592 1888 836 1962 conlapsi
865 1889 1076 1943 cineres
1102 1895 1159 1943 et
1183 1889 1406 1943 flamma
1438 1889 1666 1958 quievit,

258 1974 546 2043 Reliquias
570 1975 700 2029 vino
726 1980 783 2029 et
806 1976 1051 2031 bibulam
1080 1976 1264 2031 lavere
1292 1977 1555 2044 favillam,

257 2062 511 2130 Ossaque
536 2062 681 2116 lecta
705 2062 844 2116 cado
868 2064 1007 2117 texit
1035 2062 1356 2130 Corynaeus
1384 2070 1539 2118 aeno,

254 2148 418 2202 Idem
446 2155 534 2202 ter
558 2148 736 2203 socios
760 2165 900 2217 pura
923 2150 1264 2203 circumtulit
1289 2151 1453 2218 unda,

252 2236 542 2305 Spargens
566 2252 693 2289 rore
717 2235 827 2290 levi
852 2241 909 2290 et
932 2253 1087 2292 ramo
1114 2237 1288 2291 felicis
1314 2237 1509 2306 olivae,

248 2322 654 2391 Lustravitque
679 2323 846 2391 viros,
876 2323 1127 2392 dlxitque
1152 2325 1453 2378 novissima
1481 2326 1666 2381 verba.

246 2411 335 2464 At
360 2410 493 2478 pius
519 2409 743 2463 Aeneas
767 2410 980 2478 ingenti
1006 2410 1151 2464 mole
1178 2411 1492 2480 sepulcrum

227 2496 523 2564 .Imp0nit,
553 2512 760 2563 suaque
784 2512 939 2550 arma
962 2497 1085 2551 viro
1111 2515 1433 2566 remumque
1459 2499 1773 2568 tubamque,

243 2582 453 2637 Monte
480 2583 585 2636 sub
610 2582 776 2649 aeriO,
806 2583 899 2651 qui
924 2600 1072 2637 nunc
1098 2583 1342 2638 Misenus
1368 2586 1436 2638 ab
1463 2585 1559 2638 illo

191 2681 199 2691 '
238 2671 498 2737 Dicitur,
527 2674 922 2739 aeternumque
946 2675 1102 2724 tenet
1125 2688 1224 2739 per
1250 2672 1466 2726 saecula
1490 2689 1712 2728 nomen.

311 2759 430 2816 His
456 2757 600 2811 actis
624 2772 861 2825 propere
887 2758 1206 2825 exsequitur
1231 2763 1525 2826 praecepta
1550 2759 1807 2826 Sibyllae.

235 2845 539 2915 Spelunca
561 2842 675 2896 alta
698 2843 808 2896 fuit
833 2848 1115 2920 vastoque·
1128 2845 1386 2898 immanis
1408 2845 1581 2910 hiatu,

231 2933 520 3002 Scrupea,
549 2934 674 2984 tuta
696 2928 821 2984 lacu
845 2931 1005 2998 nigro
1032 2947 1435 3000 nemorumque
1462 2931 1722 3000 tenebris,

232 3022 429 3086 Quam
461 3033 635 3087 super
661 3017 812 3072 haud
836 3017 980 3072 ullae
1005 3022 1267 3087 poterant
1293 3019 1520 3087 impune
1545 3019 1794 3073 volantes

228 3108 508 3163 Tendere
534 3105 642 3158 iter
666 3105 895 3173 pennis:
937 3105 1063 3159 talis
1088 3123 1206 3161 sese
1234 3107 1441 3160 halitus
1467 3107 1602 3160 atris

223 3195 528 3250 Faucibus
554 3191 853 3246 effundens
879 3208 1076 3261 supera
1098 3193 1168 3247 ad
1195 3211 1444 3247 convexa
1472 3194 1716 3250 ferebat:

225 3282 428 3353 [Unde
455 3280 650 3334 locum
680 3277 815 3332 Grai
841 3278 1100 3332 dixerunt
1125 3281 1350 3333 nomine
1376 3280 1654 3349 Aornon.]

222 3372 531 3442 Quattuor
554 3366 652 3421 hic
680 3365 922 3433 primum
949 3367 1220 3433 nigrantis
1246 3371 1406 3435 terga
1431 3368 1697 3423 iuvencos

221 3453 557 3522 Constituit
582 3451 873 3518 frontique
897 3451 1138 3520 invergit
1163 3453 1293 3505 vina
1323 3452 1596 3518 sacerdos,

213 3545 298 3604 R
313 3555 598 3606 umas
621 3551 862 3604 carpens
886 3536 1065 3591 media
1088 3537 1236 3591 inter
1261 3554 1470 3592 cornua
1494 3544 1672 3592 saetas

233 3805 248 3816 '
287 3813 314 3834 .-

2208 502 2317 555 210

2204 935 2312 986 215

2200 1371 2312 1422 220

2203 2241 2310 2291 230

2200 2675 2307 2724 235

2201 3109 2308 3158 240

2199 3537 2302 3586 245
