2725 3917
1009 227 1284 277 VERGILI
1328 227 1466 276 AEN
1467 185 1658 277 ElDOS
1709 228 1818 277 VIL

398 389 524 457 Olli,
552 389 724 456 pestis
748 389 895 442 enim
920 388 1105 442 tacitis
1127 389 1266 442 latet
1286 405 1483 456 aspera
1508 388 1674 452 silvis,

395 475 691 544 Improvisi
716 476 929 542 adsunt,
958 476 1051 529 hic
1073 481 1225 529 torre
1252 479 1496 528 armatus
1521 475 1736 541 obust0,

397 561 614 630 Stipitis
638 562 729 615 hic
754 563 965 630 gravidi
990 562 1181 629 nodis3
1225 561 1373 630 quod
1398 560 1594 629 cuique
1620 564 1901 628 repertum

395 649 660 715 Rimanti,
690 648 861 702 telum
889 650 972 702 ira
994 649 1148 702 facit.
1223 648 1407 702 Vocat
1435 648 1654 714 agmina
1679 646 1973 714 Tyrrheus,

395 735 773 800 Quadrifidam
799 752 1060 804 quercum
1086 734 1276 787 cuneis
1300 738 1361 787 ut
1386 734 1536 786 forte
1564 734 1772 786 coactis

396 822 705 891 Scindebat,
736 827 893 890 rapta
919 822 1133 889 spirans
1158 820 1400 873 immane
1426 820 1619 873 securi.

396 908 475 961 At
500 925 662 962 saeva
686 926 717 962 e
743 908 976 976 speculis
1002 913 1220 976 tempus
1246 908 1350 960 dea
1375 911 1540 960 nacta
1562 907 1800 960 nocendi

396 995 591 1049 Ardua
614 999 762 1049 tecta
783 995 926 1064 petit
950 993 1166 1061 stabuli,
1198 999 1254 1046 et
1278 993 1348 1046 de
1374 994 1612 1046 culmine
1638 1010 1854 1047 summo

394 1080 676 1135 Pastorale
702 1082 852 1135 canit
877 1082 1108 1149 signum,
1140 1096 1421 1148 cornuque
1449 1097 1680 1133 recurvo

395 1167 711 1221 Tartaream
738 1167 978 1220 intendit
1001 1183 1210 1233 vocem,
1243 1183 1351 1235 qua
1376 1166 1631 1234 protinus
1658 1183 1822 1220 omne

396 1253 746 1307 Contremuit
770 1270 965 1306 nemus
989 1258 1043 1307 et
1069 1254 1237 1307 silvae
1263 1254 1562 1306 insonuere
1593 1253 1932 1321 profundae3

396 1339 592 1393 Audiit
620 1345 676 1392 et
701 1339 920 1393 Triviae
943 1340 1106 1409 longe
1130 1341 1281 1394 lacus
1302 1359 1315 1407 3
1357 1341 1534 1393 audiit
1560 1340 1734 1392 amnis

395 1426 704 1494 Sulphurea
727 1426 845 1479 Nar
871 1427 1023 1480 albus
1047 1444 1189 1495 aqua
1213 1428 1503 1495 fontesque
1530 1426 1737 1492 Velini,

394 1512 467 1566 Et
490 1513 739 1581 trepidae
763 1518 967 1567 matres
991 1530 1237 1581 pressere
1264 1514 1334 1567 ad
1362 1518 1593 1582 pectora
1620 1519 1796 1566 natos.

395 1599 531 1652 Tum
557 1616 691 1653 vero
716 1600 785 1653 ad
811 1616 1003 1653 vocem
1028 1600 1246 1668 celeres,
1277 1618 1386 1669 qua
1409 1601 1610 1654 bucina
1637 1600 1854 1667 signum

393 1686 531 1740 Dira
554 1687 723 1755 dedit,
753 1687 923 1755 raptis
948 1692 1283 1740 concurrunt
1308 1687 1549 1756 undique
1575 1686 1702 1740 telis

393 1772 657 1827 Indomiti
686 1774 983 1842 agricolae3
1022 1791 1127 1828 nec
1150 1791 1266 1827 non
1291 1779 1347 1827 et
1373 1774 1535 1827 Troia
1565 1774 1738 1841 pubes

392 1860 638 1914 Ascanio
663 1861 925 1913 auxilium
952 1862 1146 1914 castris
1171 1862 1410 1915 effundit
1435 1864 1653 1931 apertis,

392 1946 673 2000 Derexere
698 1947 859 2001 acies,
933 1947 1064 2000 Non
1089 1949 1199 2001 iam
1226 1949 1524 2002 certamine
1557 1949 1771 2017 agresti,

394 2032 687 2100 Stipitibus
711 2033 862 2085 duris
888 2034 1067 2100 agitur
1093 2035 1386 2087 sudibusve
1412 2037 1700 2103 praeustiS,

395 2118 501 2171 Sed
526 2120 677 2171 ferro
705 2119 933 2186 ancipiti
958 2119 1276 2183 decernunt,
1308 2126 1533 2190 atraque
1558 2123 1670 2175 late

394 2204 681 2257 Horrescit
705 2205 911 2257 strictis
935 2221 1090 2272 seges
1114 2207 1349 2273 ensibuS,
1383 2224 1617 2277 aeraque
1644 2208 1858 2276 fulgent

394 2288 520 2342 Sole
544 2289 808 2357 lacessita,
839 2295 894 2341 et
917 2289 1095 2341 lucem
1123 2290 1222 2343 sub
1245 2291 1437 2344 nubila
1461 2291 1704 2345 iactant:

393 2376 619 2429 Fluctus
644 2376 726 2428 uti
751 2376 932 2444 primo
958 2376 1140 2444 coepit
1166 2393 1288 2429 cum
1318 2377 1596 2432 albescere
1624 2384 1815 2447 ponto,

393 2460 666 2516 Paulatim
693 2479 808 2516 sese
833 2463 980 2516 tollit
1004 2480 1158 2517 mare
1184 2469 1239 2517 et
1265 2464 1427 2518 altius
1451 2465 1629 2520 undas

393 2549 585 2617 Erigit,
615 2550 744 2602 inde
769 2551 882 2603 imo
909 2551 1190 2618 consurgit
1214 2551 1282 2604 ad
1309 2552 1534 2606 aethera
1557 2553 1744 2608 fundo.

393 2636 499 2689 Hic
524 2636 735 2689 iuvenis
760 2637 995 2704 primam
1021 2645 1152 2690 ante
1176 2639 1349 2691 aciem
1380 2640 1647 2692 stridente
1675 2641 1888 2709 sagitta,

393 2722 666 2776 Natorum
693 2723 924 2789 Tyrrhei
948 2724 1134 2777 fuerat
1159 2726 1250 2793 qui
1275 2728 1563 2795 maximus,
1596 2728 1776 2795 Almo,

394 2808 698 2863 Sternitur:
742 2811 921 2864 haesit
947 2811 1092 2864 enim
1120 2813 1220 2865 sub
1247 2818 1472 2880 gutture
1497 2814 1696 2868 volnus
1721 2819 1777 2868 et
1801 2815 1944 2868 udae

394 2896 566 2949 Vocis
589 2896 695 2949 iter
719 2901 1049 2966 tenuemque
1074 2899 1297 2954 inclusit
1323 2902 1588 2969 sanguine
1618 2903 1801 2955 vitam.

393 2982 640 3049 Corpora
664 2983 840 3036 multa
858 2985 1036 3037 virum
1062 2986 1221 3053 circa,
1251 2987 1540 3055 seniorque
1567 2988 1845 3056 GalaesuS,

390 3069 540 3122 Dum
566 3069 686 3136 paci
711 3070 951 3123 medium
979 3089 1036 3124 se
1062 3072 1238 3140 offert,
1269 3073 1599 3127 iustissimus
1626 3092 1769 3128 unus

392 3156 500 3221 Qui
526 3155 631 3208 fuit
658 3156 1026 3227 Ausoniisque
1052 3159 1184 3210 olim
1210 3159 1512 3213 ditissimus
1539 3161 1716 3214 arvis:

393 3242 648 3311 Quinque
673 3260 865 3313 greges
889 3245 969 3296 illi
994 3244 1296 3314 balantum,
1327 3247 1493 3314 quina
1518 3248 1773 3301 redibant

392 3328 677 3395 Armenta,
708 3335 765 3382 et
788 3334 993 3383 terram
1020 3337 1242 3383 centum
1269 3333 1522 3386 vertebat
1547 3335 1760 3386 aratris

463 3413 648 3482 Atque
674 3431 736 3467 ea
763 3432 862 3482 per
888 3432 1110 3482 campos
1136 3433 1310 3484 aequo
1337 3417 1467 3470 dum
1495 3418 1674 3472 Marte
1700 3424 1985 3488 geruntur,

392 3496 655 3552 Promissi
681 3500 782 3552 dea
808 3500 954 3554 facta
978 3506 1191 3570 potenS,
1223 3503 1314 3555 ubi
1340 3506 1607 3571 sanguine
1633 3504 1837 3557 bellum

2328 392 2435 443 505

2280 846 2286 850 ·
2330 824 2438 875 510

2328 1256 2433 1307 515

2326 1689 2433 1739 520

2326 2126 2427 2177 525

2325 2559 2426 2609 530

2322 2992 2423 3043 535

2323 3428 2425 3477 540
