2725 3917
1040 283 1316 333 VERGILI
1358 282 1689 332 AENEIDOS
1732 281 1848 332 vn.

430 442 728 513 Supposita
751 443 819 497 de
844 447 1023 497 matre
1051 443 1253 497 nothos
1276 442 1462 495 furata
1481 443 1706 496 creavit.

431 530 654 584 Talibus
681 529 978 583 Aeneadae
1001 529 1161 582 donis
1185 528 1459 597 dictisque
1484 528 1668 581 Latini

431 617 703 671 Sublimes
725 616 785 669 in
812 617 967 685 equis
989 616 1240 685 redeunt,
1268 632 1566 684 pacemque
1591 620 1897 684 reportant.
2359 617 2460 669 285

499 704 641 758 Ecce
667 708 850 757 autem
874 702 1115 756 Inachiis
1139 719 1256 756 sese
1282 701 1560 756 referebat
1585 703 1654 755 ab
1682 703 1846 770 Argis

432 790 606 846 Saeva
628 791 776 845 Iovis
800 790 1055 856 coniunx,
1088 805 1355 858 aurasque
1379 788 1598 841 invecta
1622 790 1862 856 tenebat,

429 880 504 934 Et
527 879 733 933 laetum
756 878 986 932 Aenean
1012 877 1346 944 classemque
1372 892 1441 929 ex
1461 875 1681 929 aethere
1705 875 1867 942 longe

430 966 768 1021 Dardaniam
792 966 976 1021 Siculo
1001 966 1293 1035 prospexit
1322 964 1391 1017 ab
1415 979 1587 1031 usque
1610 961 1892 1028 Pachyno,

430 1052 614 1107 Moliri
637 1053 745 1107 iam
771 1058 920 1107 tecta
946 1053 1115 1119 videt,
1147 1054 1254 1106 iam
1285 1050 1459 1103 fidere
1482 1058 1680 1114 terrae,
2360 1049 2464 1100 290

430 1139 750 1193 Deseruisse
774 1144 936 1194 rates.
1012 1140 1181 1192 Stetit
1208 1137 1320 1191 acri
1344 1136 1457 1189 fixa
1481 1135 1700 1200 dolore3

432 1226 569 1278 Tum
598 1242 856 1293 quassans
879 1231 1044 1294 caput
1068 1226 1207 1279 haec
1234 1223 1473 1277 effundit
1496 1228 1723 1291 pectore
1748 1220 1928 1275 dicta:

432 1312 467 1340 ‘⁴
485 1311 607 1365 Heu
632 1312 859 1380 stirpem
883 1312 1131 1378 invisam,
1161 1317 1219 1365 et
1241 1311 1371 1364 fatis
1395 1309 1673 1363 contraria
1696 1308 1902 1361 nostris

430 1397 572 1451 Fata
594 1398 905 1466 Phrygum!
948 1414 1079 1451 num
1107 1398 1282 1466 Sigeis
1311 1398 1638 1451 occumbere
1663 1394 1885 1462 campie,

432 1483 582 1536 Num
608 1485 754 1552 capti
778 1491 1008 1553 potuere
1036 1485 1197 1553 capi?
1240 1501 1374 1537 num
1402 1484 1625 1537 incensa
1650 1482 1915 1536 cremavit
2360 1483 2462 1534 295

433 1569 597 1625 Troia
621 1571 806 1625 viros?
842 1570 1051 1624 medias
1096 1571 1243 1625 acies
1271 1570 1591 1639 mediosque
1616 1586 1717 1638 per
1740 1569 1884 1636 ignis

433 1656 701 1712 Invenere
723 1659 886 1712 viam.
960 1658 1057 1726 At,
1087 1658 1269 1727 credo,
1299 1675 1426 1711 mea
1449 1657 1677 1711 numina
1700 1656 1925 1710 tandem

433 1743 599 1798 Fessa
618 1745 815 1814 iacent,
847 1745 988 1799 odiis
1012 1751 1107 1800 aut
1126 1750 1440 1800 exsaturata
1465 1745 1740 1814 quievi,—

435 1831 581 1897 Quin
607 1832 771 1885 etiam
797 1833 977 1900 patria
1002 1848 1259 1886 excussos
1285 1832 1486 1886 infesta
1510 1848 1611 1900 per
1635 1833 1809 1886 undas

433 1919 588 1973 Ausa
612 1919 781 1987 sequi,
808 1924 865 1972 et
890 1919 1134 1988 profugis
1158 1924 1279 1974 toto
1305 1936 1395 1972 me
1420 1935 1698 1987 opponere
1722 1924 1914 1987 ponto,
2362 1919 2465 1969 800

433 2005 778 2074 Absumptae
802 2005 862 2058 in
886 2005 1123 2059 Teucros
1151 2007 1295 2058 vires
1322 2005 1565 2072 caelique
1593 2007 1880 2073 marisque.

439 2091 584 2156 Quid
609 2092 815 2159 Syrtes,
845 2097 940 2145 aut
965 2091 1147 2158 Scylla
1173 2092 1322 2159 mihi,
1356 2092 1488 2160 quid
1518 2097 1673 2145 vasta
1698 2093 2008 2160 Charybdis

433 2177 689 2231 Profuit?
729 2182 921 2246 optato
944 2178 1259 2231 conduntur
1288 2177 1585 2244 Thybridis
1610 2179 1783 2247 alveo,

435 2263 625 2317 Securi
649 2262 829 2331 pelagi
854 2268 1016 2331 atque
1040 2264 1167 2318 mei.
1240 2262 1391 2317 Mars
1414 2265 1644 2332 perdere
1669 2272 1887 2335 gentem

431 2347 736 2402 Immanem
762 2348 1059 2417 Lapithum
1083 2349 1287 2416 valuit3
1330 2352 1599 2406 concessit
1622 2354 1681 2405 in
1705 2354 1816 2407 iras
2361 2356 2465 2408 305

433 2434 560 2503 Ipse
585 2435 748 2489 deum
773 2437 1056 2505 antiquam
1082 2437 1296 2505 genitor
1325 2438 1612 2505 Calydona
1636 2440 1881 2496 Dianae:

436 2520 595 2587 Quod
620 2522 797 2577 scelus
820 2528 915 2577 aut
938 2522 1202 2592 Lapithas
1228 2529 1460 2593 tantum,
1490 2533 1585 2580 aut
1605 2527 1895 2596 Calydona
1918 2529 2265 2583 merentem?

433 2608 542 2663 Ast
566 2626 683 2679 ego,
711 2626 914 2678 magna
934 2610 1084 2665 Iovis
1108 2613 1364 2681 coniunx,
1396 2614 1474 2667 nil
1498 2615 1746 2684 linquere
1769 2615 2021 2669 inausum

435 2695 588 2760 Quae
612 2696 768 2764 potui
792 2696 1000 2765 infelix,
1032 2715 1168 2767 quae
1194 2705 1400 2754 memet
1425 2702 1484 2754 in
1511 2702 1696 2756 omnia
1719 2704 1877 2771 verti,

434 2781 647 2836 Vincor
671 2783 741 2837 ab
762 2783 971 2837 Aenea.
1048 2784 1210 2849 Quod
1239 2785 1285 2838 si
1312 2802 1434 2840 mea
1459 2789 1685 2843 numina
1705 2805 1820 2842 non
1846 2792 1975 2841 sunt
2363 2789 2469 2839 310

432 2868 635 2938 Magna
657 2870 805 2938 satis,
836 2870 1084 2925 dubitem
1114 2871 1263 2925 haud
1289 2875 1541 2941 equidem
1567 2877 1859 2945 implorare
1884 2874 2031 2945 quod
2055 2890 2286 2943 usquam
2310 2879 2415 2929 est.

432 2954 681 3010 Flectere
706 2957 751 3009 si
775 2973 992 3026 nequeo
1016 2956 1271 3027 Superos,
1304 2958 1625 3016 Acheronta
1647 2963 1900 3017 movebo.

434 3041 564 3096 Non
589 3043 813 3097 dabitur
835 3047 1034 3114 regniS,
1066 3054 1199 3114 esto,
1229 3049 1527 3117 prohibere
1551 3050 1776 3117 Latinis,

434 3129 620 3198 Atque
644 3130 876 3186 immota
900 3144 1086 3188 manet
1110 3134 1243 3189 fatis
1267 3135 1499 3190 Lavinia
1524 3135 1795 3189 coniunx:

433 3216 515 3270 At
539 3218 774 3288 trahere,
805 3225 969 3290 atque
994 3237 1179 3274 moras
1205 3222 1378 3275 tantis
1401 3221 1531 3274 licet
1556 3221 1759 3275 addere
1783 3221 1948 3275 rebus
1968 3238 1981 3287 ;
2364 3219 2472 3271 815

435 3304 514 3359 At
536 3305 667 3360 licet
688 3309 975 3362 amborum
1002 3309 1239 3376 populos
1276 3306 1595 3360 exscindere
1619 3323 1828 3374 regum.

434 3388 554 3444 Hac
578 3408 748 3459 gener
774 3400 937 3461 atque
962 3408 1119 3445 socer
1144 3393 1343 3443 coeant
1379 3389 1634 3443 mercede
1660 3407 1901 3445 suorum.

435 3473 714 3543 Sanguine
740 3478 973 3532 Troiano
1000 3481 1056 3530 et
1081 3474 1290 3528 Rutulo
1316 3475 1598 3542 donabere,
1625 3476 1798 3543 virgo,

436 3555 508 3612 Et
530 3560 761 3616 Bellona
785 3568 972 3617 manet
998 3568 1053 3616 te
1078 3561 1346 3631 pronuba.
1423 3560 1543 3615 Nec
1570 3562 1689 3616 face
1713 3564 1934 3615 tantum
