2725 3917
974 994 1031 1061 P.
1063 994 1341 1062 VERGILI
1383 997 1620 1065 MARON
1624 997 1685 1064 IS

805 1175 1854 1256 AENEIDOS

935 1370 1695 1434 LIBEROOTAVUS.

309 1700 381 1756 Ut
404 1702 535 1756 belli
561 1703 778 1771 signum
805 1702 1067 1757 Laurenti
1095 1703 1311 1756 Turnus
1337 1704 1407 1757 ab
1434 1720 1561 1757 arce

305 1788 533 1856 Extulit,
561 1794 618 1842 et
642 1805 807 1843 rauco
833 1796 1187 1858 strepuerunt
1211 1807 1420 1844 cornua
1444 1796 1627 1859 cantu,

305 1875 486 1944 thue
511 1877 654 1929 acris
677 1878 953 1930 concussit
977 1893 1162 1945 equos,
1194 1882 1362 1945 utque
1387 1877 1611 1945 impulit
1637 1894 1805 1945 arma,

303 1962 600 2030 Extemplo
624 1963 833 2034 turbati
859 1963 1039 2030 animi,
1071 1963 1233 2015 simul
1260 1980 1423 2016 omne
1448 1951 1690 2016 tumultu

304 2049 571 2103 Coniurat
597 2049 816 2118 trepido
841 2050 1077 2116 Latium,
1103 2050 1384 2118 saevitque
1410 2050 1668 2104 iuventus

300 2135 501 2191 Effera.
575 2136 849 2190 Ductores
874 2137 1037 2204 primi
1061 2136 1343 2204 Messapus
1371 2142 1427 2191 et
1453 2136 1626 2190 Ufens

301 2223 776 2292 Contemptorque
801 2223 964 2276 deum
990 2223 1296 2276 Mezentius
1321 2224 1565 2293 undique
1595 2229 1801 2292 cogunt

296 2309 539 2378 Auxilia,
569 2315 626 2363 et
649 2309 792 2362 latos
820 2315 1037 2363 vastant
1060 2309 1364 2363 cultoribus
1391 2327 1568 2378 agros,

296 2396 539 2451 Mittitur
564 2401 621 2449 et
645 2397 831 2463 magni
863 2396 1108 2450 Venulus
1132 2396 1419 2450 Diomedis
1445 2398 1514 2451 ad
1537 2397 1749 2465 urbem,

296 2482 585 2552 Quipetat
610 2483 888 2552 auxilium,
918 2488 991 2551 et,
1019 2483 1178 2537 Latio
1204 2484 1505 2537 consistere
1531 2484 1781 2552 Teucros,

294 2568 614 2622 Advectum
643 2567 869 2620 Aenean
895 2567 1053 2621 classi
1080 2569 1368 2637 victusque
1394 2567 1617 2621 Penatis

291 2654 509 2708 Inferre
534 2660 591 2707 et
613 2655 748 2707 fatis
772 2672 957 2723 regem
983 2672 1042 2709 se
1066 2656 1249 2709 dicere
1275 2654 1445 2724 posci,

288 2742 554 2809 Edoceat‚
586 2741 894 2810 multasque
919 2742 1041 2795 viro
1066 2759 1126 2795 se
1149 2743 1450 2810 adiungere
1476 2742 1657 2810 gentis

288 2830 593 2897 Dat-danic,
624 2833 682 2882 et
703 2828 814 2883 late
839 2828 997 2882 Latio
1021 2829 1430 2883 increbrescere
1454 2845 1674 2883 nomen.

290 2916 436 2982 Quid
464 2921 643 2970 struat
668 2915 755 2967 his
779 2917 1003 2983 coeptis,
1035 2933 1215 2984 quem,
1245 2916 1289 2968 si
1315 2915 1562 2969 Fortuna
1588 2920 1864 2985 sequatur,

285 3001 565 3056 Eventum
591 3015 811 3068 pugnae
834 3001 1033 3067 cupiat,
1061 2999 1408 3054 manifestius
1432 3001 1554 3068 ipsi,

288 3089 466 3154 Quam
494 3088 684 3141 Turno
708 3087 838 3155 regi,
867 3092 965 3141 aut
988 3086 1105 3155 regi
1130 3103 1399 3155 apparere
1423 3087 1638 3141 Latino.

355 3177 511 3230 Talia
532 3191 636 3244 per
660 3174 901 3228 Latium.
979 3172 1132 3239 Quae
1158 3172 1590 3227 Laomedontius
1613 3173 1778 3227 heros

284 3263 502 3317 Cuncta
529 3263 725 3316 videns
750 3277 952 3328 magno
978 3277 1231 3313 curarum
1258 3259 1493 3314 fluctuat
1519 3267 1704 3328 aestu3

278 3350 473 3421 Atque
498 3351 748 3405 animum
774 3364 922 3400 nunc
948 3347 1057 3400 huc
1083 3347 1334 3415 celerem,
1363 3363 1512 3400 nunc
1538 3348 1739 3401 dividit
1764 3346 1910 3413 illuc,

277 3437 348 3491 In
372 3438 658 3508 partisque
683 3434 835 3503 rapit
858 3434 1040 3487 varias
1062 3450 1269 3501 perque
1294 3434 1482 3488 omnia
1504 3438 1716 3487 versat:

272 3524 435 3581 Sicut
458 3542 635 3596 aquae
660 3519 965 3577 tremulum
988 3519 1158 3573 labris
1183 3520 1276 3573 ubi
1300 3520 1488 3574 lumen
1515 3519 1668 3572 aenis

2267 2487 2332 2538 10

2261 2921 2326 2971 15
