2725 3917
972 249 1251 301 VERGILI
1295 248 1556 298 ECLOGA
1596 249 1659 298 V.

295 414 448 469 Mor.
486 412 567 466 Tu
594 412 801 480 maior;
842 411 947 465 tibi
969 428 1060 465 me
1085 416 1170 464 est
1193 427 1429 479 aequum
1452 427 1664 480 parere,
1690 410 1956 481 Menalca,

298 501 427 554 Sive
452 501 551 554 sub
577 500 816 554 incertas
838 498 1107 567 Zephyris
1130 499 1474 552 motantibus
1498 498 1734 565 umbras,

299 588 429 641 Sive
453 592 614 641 antro
637 587 824 656 potius
848 585 1207 639 succedimus,
1281 584 1502 653 Aspice,
1530 590 1595 637 ut
1619 589 1842 639 antrum

299 674 579 729 Silvestris
600 674 741 727 raris
765 673 966 742 sparsit
988 671 1239 726 labrusca
1261 672 1510 725 racemis.

297 761 450 815 ΜΕΝ.
490 760 775 815 Montibus
797 760 858 813 in
884 760 1087 814 nostris
1111 759 1260 812 solus
1282 759 1388 812 tibi
1413 764 1590 812 certat
1613 759 1907 826 Amyntas.

299 849 446 903 Mor.
485 848 648 916 Quid,
677 847 723 900 si
748 847 895 900 idem
920 851 1097 900 certet
1120 845 1412 900 Phoebum
1440 863 1699 915 superare
1726 846 2017 901 canendo?

203 963 208 969 ·
298 936 453 990 Man.
492 935 698 1004 Incipe,
727 934 936 1002 Mopse,
965 933 1131 1003 prior,
1162 934 1207 986 si
1233 949 1371 1002 quos
1396 938 1491 986 aut
1515 932 1785 999 Phyllidis
1809 934 1965 1002 ignis,

300 1023 419 1075 Aut
442 1021 674 1076 Alconis
696 1020 868 1075 habes
889 1020 1095 1088 laudea,
1123 1025 1218 1073 aut
1241 1020 1419 1087 iurgia
1445 1019 1631 1073 Codri.

300 1110 519 1179 Incipe;
560 1107 834 1178 pascentis
858 1107 1098 1161 servabit
1124 1106 1346 1173 Tityrus
1371 1106 1593 1160 haedos.

300 1196 449 1250 Mor.
486 1196 666 1250 Immo
690 1196 841 1263 haec,
868 1194 927 1247 in
952 1194 1114 1248 viridi
1137 1211 1313 1262 nuper
1339 1210 1478 1262 quae
1503 1194 1709 1247 cortice
1733 1193 1849 1263 fagi

303 1284 564 1338 Carmina
588 1282 853 1351 descripsi
878 1286 936 1336 et
959 1280 1247 1335 modulans
1271 1281 1486 1335 alterna
1507 1281 1717 1349 notavi,

300 1360 603 1440 Experiar,
642 1374 708 1423 tu
730 1367 930 1423 deinde
953 1368 1143 1422 iubeto
1168 1377 1231 1420 ut
1254 1373 1431 1421 certet
1456 1368 1748 1434 Amyntas

301 1458 454 1512 Mun.
491 1457 671 1510 Lenta
694 1456 832 1509 salix
856 1459 1124 1524 quantum
1149 1453 1378 1522 pallenti
1405 1453 1551 1507 cedit
1576 1454 1770 1522 olivae,

302 1544 561 1598 Puniceis
582 1542 810 1596 humilis
834 1547 1100 1611 quantum
1126 1541 1371 1594 saliunca
1394 1541 1605 1608 rosetis,

302 1631 515 1685 Iudicio
537 1634 732 1683 nostro
756 1633 975 1683 tantum
998 1628 1105 1681 tibi
1130 1628 1276 1681 cedit
1300 1627 1597 1694 Amyntas.

305 1718 452 1773 Mor.
491 1716 602 1771 Sed
625 1722 690 1770 tu
714 1715 899 1771 desine
924 1715 1099 1785 plura,
1128 1733 1298 1785 puer:
1341 1715 1700 1769 successimus
1724 1719 1904 1769 antr0.

372 1805 723 1859 Exstinctum
752 1803 1046 1874 Nymphae
1071 1803 1281 1857 crudeli
1304 1803 1499 1856 funere
1527 1802 1810 1870 Daphnim

305 1893 707 1948 Flebant—vos
731 1893 906 1960 coryli
929 1897 1101 1945 testes
1126 1897 1183 1943 et
1207 1890 1435 1943 flumina
1458 1887 1808 1957 Nymphis—

306 1980 448 2034 Oum
471 1980 759 2050 complexa
783 1979 866 2032 sui
890 1995 1092 2047 corpus
1114 1976 1428 2030 miserabile
1451 1975 1570 2029 nati

304 2066 491 2136 Atque
516 2066 650 2121 deos
675 2070 838 2136 atque
863 2072 1011 2120 astra
1035 2070 1199 2118 vocat
1225 2062 1468 2118 crudelia
1492 2067 1686 2116 mater.

305 2153 436 2208 Non
457 2155 558 2207 ulli
582 2158 770 2224 pastos
793 2153 901 2206 illis
925 2168 1087 2220 egere
1110 2151 1305 2205 diebus

304 2240 540 2310 Frigida,
567 2239 807 2310 Daphni,
834 2240 1005 2294 boves
1028 2238 1096 2293 ad
1122 2238 1383 2304 fiumina3
1423 2236 1578 2289 nulla
1599 2252 1703 2289 nec
1728 2251 1945 2289 amnem

304 2328 525 2382 Libavit
549 2326 875 2397 quadrupes,
903 2343 1005 2380 nec
1030 2325 1294 2394 graminis
1318 2324 1506 2392 attigit
1529 2323 1775 2377 herbam.

304 2412 543 2483 Daphni,
571 2419 730 2467 tuum
754 2411 975 2467 Poenos
999 2413 1163 2466 etiam
1188 2411 1521 2480 ingemuisse
1544 2409 1733 2463 leones

305 2501 615 2570 Interitum‚
642 2506 967 2570 montesque
990 2500 1099 2554 feri
1123 2499 1399 2567 silvaeque
1423 2498 1739 2567 loquuntur.

304 2588 555 2659 Daphnis
579 2592 635 2643 et
660 2588 957 2642 Armenias
981 2603 1146 2641 curru
1170 2586 1501 2655 subiungere
1525 2586 1684 2653 tigris

305 2675 571 2743 Instituit,
599 2674 851 2744 Daphnis
875 2674 1085 2728 thiasos
1110 2673 1371 2727 inducere
1395 2671 1601 2726 Bacchi

305 2762 378 2817 Et
400 2763 552 2817 foliis
575 2763 755 2817 lentas
776 2762 1025 2815 intexere
1046 2760 1304 2814 mollibus
1327 2759 1530 2812 hastas.

307 2849 454 2905 Vitis
477 2855 542 2903 ut
566 2849 857 2904 arboribus
881 2848 1065 2902 decori
1090 2852 1190 2916 est,
1218 2851 1280 2900 ut
1305 2846 1509 2899 vitibus
1532 2860 1689 2912 uvae,

307 2935 384 2989 Ut
406 2936 671 3005 gregibus
693 2936 855 3003 tauri,
884 2938 1096 3002 segetes
1120 2939 1183 2987 ut
1206 2933 1501 3002 pinguibus
1526 2932 1688 2999 arvis,

308 3021 389 3076 Tu
413 3023 579 3077 decus
603 3038 768 3076 omne
793 3021 921 3075 tuis.
995 3020 1294 3089 Postquam
1321 3025 1380 3073 te
1404 3020 1525 3072 fata
1548 3019 1808 3086 tulerunt,

306 3110 434 3180 Ipsa
453 3110 618 3164 Pales
643 3126 805 3178 agros
828 3114 992 3178 atque
1017 3109 1135 3176 ipse
1160 3108 1383 3175 reliquit
1407 3106 1627 3175 Apollo.

308 3197 551 3251 Grandia
574 3213 738 3265 saepe
763 3198 960 3265 quibus
985 3194 1367 3249 mandavimus
1388 3193 1596 3247 hordea
1620 3192 1799 3262 sulciS,

306 3283 504 3337 Infelix
528 3285 724 3338 lolium
749 3287 807 3336 et
831 3281 1045 3336 steriles
1068 3286 1370 3335 nascuntur
1393 3297 1601 3335 avenae
1621 3299 1634 3348 3

306 3370 416 3426 Pro
438 3371 595 3425 molli
617 3371 780 3437 viola,
809 3385 913 3437 pro
935 3384 1214 3437 purpureo
1237 3368 1496 3436 narciss0,

308 3457 559 3512 Carduus
583 3461 640 3511 et
664 3456 840 3525 spinis
864 3457 1037 3523 surgit
1060 3455 1305 3524 paliurus
1329 3455 1523 3508 acutis.

307 3543 558 3613 Spargite
581 3544 813 3596 humum
840 3542 1004 3612 foliis,
1032 3542 1277 3597 inducite
1302 3541 1550 3594 fontibus
1574 3539 1812 3607 umbras,

2269 935 2421 987 10.

2272 1370 2338 1421 15

2267 1803 2340 1852 20

2269 2235 2340 2287 25

2272 2670 2344 2720 30

2273 3105 2344 3156 35
