2725 3917
1000 247 1275 297 VERGILI
1321 247 1649 298 AENEIDOS
1695 248 1787 299 111.

379 407 617 477 Accessi,
649 408 988 478 viridemque
1014 409 1084 462 ab
1109 408 1280 463 humo
1309 410 1620 469 convellere
1647 409 1840 463 silvam

375 495 634 560 Oonatus,
663 485 829 568 ramis
853 499 1099 564 tegerem
1125 502 1188 551 ut
1212 496 1601 551 frondentibus
1627 513 1762 564 arae,

375 581 730 636 Horrendum
754 588 812 636 et
836 583 990 637 dictu
1013 583 1177 637 video
1201 583 1453 637 mirabile
1476 590 1804 637 monstrum.

375 670 535 739 Nam,
566 687 704 738 quae
729 670 912 739 prima
937 670 1056 724 solo
1081 672 1260 739 ruptis
1283 671 1564 724 radicibus
1592 671 1755 725 arbos

376 755 636 826 Vellitur,
664 756 794 810 huic
819 760 940 809 atro
965 756 1253 824 liquuntur
1281 756 1547 825 sanguine
1573 762 1764 825 guttae

375 842 449 895 Et
471 846 679 897 terram
702 844 836 898 tabo
860 843 1154 897 maculant.
1232 842 1372 896 Mihi
1398 844 1628 912 frigidus
1652 844 1852 898 horror

376 928 627 984 Membra
651 930 843 1000 quatit,
872 929 1191 999 gelidusque
1220 931 1333 984 coit
1356 930 1657 986 formidine
1683 931 1918 999 sanguis,

375 1016 584 1071 Rursus
609 1022 665 1070 et
689 1017 913 1071 alterius
937 1017 1149 1071 lentum
1184 1016 1498 1070 convellere
1527 1017 1710 1070 vimen

374 1102 639 1173 Insequor
662 1109 719 1158 et
745 1120 933 1158 causas
957 1103 1177 1172 penitus
1202 1107 1477 1170 temptare
1505 1103 1759 1158 latentis:

373 1189 516 1243 Ater
540 1194 596 1243 et
620 1190 848 1244 alterius
872 1191 1119 1259 sequitur
1142 1189 1212 1241 de
1238 1189 1444 1243 cortice
1474 1190 1708 1257 sanguis

373 1276 551 1330 Multa
571 1292 803 1331 movens
828 1277 1013 1330 animo
1037 1275 1328 1344 Nymphas
1356 1277 1662 1349 venerabar
1688 1279 1920 1345 agrestis

376 1362 785 1433 Gradivumque
811 1368 1043 1432 patrem,
1074 1363 1282 1418 Geticis
1308 1364 1401 1433 qui
1429 1365 1708 1433 praesidet
1736 1367 1896 1434 arvis,

373 1449 501 1503 Rite
526 1450 889 1505 secundarent
914 1450 1061 1504 visus
1088 1465 1358 1518 omenque
1387 1450 1652 1505 levarent.

375 1535 561 1591 Tertia
584 1536 681 1590 sed
704 1541 994 1606 postquam
1018 1537 1228 1590 maiore
1254 1536 1472 1591 hastilia
1498 1538 1621 1591 nisu

373 1622 687 1691 Aggredior
711 1624 1046 1693 genibusque
1071 1624 1333 1678 adversae
1363 1624 1616 1678 obluctor
1643 1624 1955 1680 harenae—-

371 1709 630 1781 Eloquar,
659 1728 729 1765 an
755 1711 943 1765 sileam
959 1712 1293 1780 i—gemitus
1316 1712 1671 1766 lacrimabilis
1695 1712 1810 1765 imo

371 1796 616 1851 Auditur
639 1798 871 1868 tumulo,
902 1802 959 1853 et
982 1816 1094 1853 vox
1117 1798 1336 1852 reddita
1362 1799 1538 1853 fertur
1565 1798 1634 1853 ad
1658 1798 1835 1852 auris:

375 1885 574 1950 “Quid
599 1886 876 1953 miserum,
905 1887 1117 1956 Aenea,
1143 1885 1394 1940 laceras?
1431 1885 1543 1939 iam
1568 1901 1733 1954 parce
1758 1884 2009 1953 sepult03

370 1972 543 2026 Parce
566 1973 685 2042 pias
711 1974 979 2028 scelerare
1004 1992 1214 2031 manus,
1290 1976 1348 2029 N
1350 1994 1421 2030 ou
1446 1994 1536 2031 me
1561 1978 1662 2032 tibi
1692 1978 1855 2032 Troia

368 2058 674 2112 Externum
699 2060 845 2127 tulit,
875 2066 971 2114 aut
996 2078 1160 2115 cruor
1183 2062 1275 2115 hic
1301 2062 1371 2116 de
1395 2064 1581 2131 stipite
1607 2069 1812 2119 manat.

369 2143 522 2197 Heu!
553 2145 684 2212 fuge
709 2145 944 2199 crudelis
970 2152 1160 2216 terras,
1189 2148 1317 2217 fuge
1341 2149 1473 2203 litus
1497 2166 1743 2206 avarum.

369 2228 514 2283 Nam
539 2229 848 2297 Polydorus
873 2249 992 2301 ego,
1067 2233 1175 2287 Hic
1201 2234 1481 2289 confixum
1508 2237 1689 2293 ferrea
1713 2240 1854 2293 texit

370 2315 627 2370 Telorum
651 2333 805 2386 seges
831 2323 888 2372 et
911 2320 1100 2373 iaculis
1124 2321 1363 2375 increvit
1389 2324 1617 2386 acutis.”

439 2403 579 2456 Tum
602 2420 736 2459 vero
762 2406 991 2475 ancipiti
1017 2413 1260 2462 mentem
1296 2409 1599 2466 formidine
1624 2428 1844 2481 pressus

369 2488 642 2559 Obstipui,
672 2496 1050 2562 steteruntque
1075 2510 1265 2549 comae
1291 2500 1348 2550 et
1375 2514 1484 2551 vox
1505 2499 1762 2553 faucibus
1785 2498 1980 2553 haesit.
2052 2527 2070 2541 -

367 2576 530 2631 Hunc
554 2577 894 2643 Polydorum
919 2581 1037 2634 auri
1064 2583 1344 2651 quondam
1373 2600 1500 2638 cum
1524 2585 1772 2653 pondere
1797 2602 2000 2655 magno

365 2662 571 2716 Infelix
596 2664 850 2718 Priamus
873 2666 1065 2720 furtim
1090 2670 1388 2724 mandarat·
1406 2671 1663 2726 alendum

364 2750 620 2805 Threicio
644 2752 776 2820 regi,
806 2769 931 2807 cum
954 2754 1066 2808 iam
1092 2755 1368 2810 diffideret
1394 2758 1561 2812 armis

363 2835 675 2892 Dardaniae
701 2839 956 2908 cingique
980 2842 1178 2896 urbem
1206 2843 1495 2899 obsidione
1521 2845 1751 2902 videret.

362 2923 479 2993 Ille,
507 2929 572 2987 ut
596 2941 728 2994 opes
750 2926 963 2981 fractae
987 2928 1276 2999 Teucrum,
1308 2935 1364 2984 et
1390 2930 1639 2987 Fortuna
1662 2932 1905 3002 recessit,

361 3009 475 3064 Res
497 3011 966 3080 Agamemnonias
992 3016 1351 3086 victriciaque
1379 3035 1535 3073 arma
1558 3025 1797 3089 secutuS,

360 3097 468 3151 Fas
492 3114 655 3154 omne
679 3099 993 3169 abrumpit3
1035 3102 1379 3169 Polydorum
1405 3105 1714 3169 obtruncat,
1746 3112 1803 3161 et
1826 3123 1964 3162 auro

361 3183 438 3240 Vi
462 3187 693 3254 potitur.
770 3187 913 3252 Quid
941 3205 1057 3242 11011
1082 3191 1344 3246 mortalia
1369 3197 1598 3260 pectora
1622 3194 1787 3263 cogis,

360 3271 504 3326 Auri
528 3289 684 3328 sacra
700 3274 913 3329 fames?
987 3275 1288 3344 Postquam
1312 3294 1486 3347 pavor
1512 3296 1635 3334 ossa
1660 3281 1899 3350 reliquit,

358 3358 620 3415 Delectos
642 3362 834 3431 populi
859 3362 929 3416 ad
951 3379 1208 3430 proceres
1233 3366 1580 3435 primumque
1604 3374 1894 3436 parentem

360 3445 610 3502 Monstra
634 3449 795 3502 deum
820 3448 1022 3516 refer0,
1051 3453 1123 3518 et,
1153 3467 1290 3518 quae
1315 3453 1389 3506 sit
1424 3455 1715 3522 sententia,
1743 3435 1928 3524 posco.

364 3531 636 3588 Omnibus
659 3534 807 3588 idem
832 3534 1062 3604 animus,
1090 3535 1358 3594 scelerata
1382 3540 1647 3594 excedere
1670 3545 1836 3609 terra,

2349 503 2416 555 25

2346 938 2415 988 30

2341 1372 2408 1422 35

2334 1804 2405 1854 40

2332 2675 2402 2727 50

2329 3109 2399 3163 55

2328 3545 2398 3597 60
