2725 3917
916 241 1193 292 VERGILI
1235 240 1568 291 AENEIDOS
1610 241 1698 291 VI.

309 399 449 453 Meus
472 399 645 468 agitat
669 398 874 454 molem
897 405 956 454 et
978 417 1182 468 magno
1205 417 1266 454 se
1289 417 1521 469 corpore
1544 400 1757 455 miscet.

309 486 429 539 Inde
449 487 741 539 hominum
765 487 1146 556 pecudumque
1169 503 1344 554 genus
1368 488 1625 556 vitaeque
1652 486 1934 541 volantum

308 572 370 626 Et
395 589 531 641 quae
555 589 868 627 marmoreo
890 574 1008 628 fert
1029 579 1282 627 monstra
1306 574 1410 627 sub
1435 591 1673 643 aequore
1697 579 1920 643 pontus.

307 658 491 726 Igneus
515 664 600 712 est
625 658 748 712 ollis
770 660 931 727 vigor
956 665 1014 713 et
1037 660 1292 714 caelestis
1317 662 1475 729 origo
2218 663 2252 719 7
2254 667 2323 716 30

307 746 619 812 Seminibus,
649 751 916 815 quantum
940 762 1056 800 non
1075 747 1248 801 noxia
1272 764 1512 816 corpora
1536 748 1763 802 tardant

306 832 621 901 Terrenique
644 832 912 887 hebetant
935 841 1088 887 artus
1112 835 1550 903 moribundaque
1574 837 1840 890 membra.

305 919 435 973 Hinc
458 925 716 973 metuunt
740 921 1092 988 cupiuntque,
1120 920 1307 975 dolent
1331 922 1700 991 gaudentque,
1727 939 1907 992 neque
1930 940 2091 978 auras

303 1008 606 1077 Dispiciuut
630 1007 845 1062 clausae
873 1007 1116 1061 tenebris
1134 1013 1193 1061 et
1216 1024 1435 1061 carcere
1462 1025 1643 1063 caeco·

305 1095 438 1159 Quin
463 1099 520 1148 et
543 1111 800 1164 supremo
825 1112 951 1149 cum
975 1094 1184 1148 lumine
1208 1095 1328 1148 vita
1353 1095 1592 1164 reliquit,
2219 1097 2322 1154 785

302 1181 352 1235 N
354 1198 421 1235 on
443 1187 632 1235 tamen
656 1199 823 1235 omne
845 1180 1049 1236 malum
1074 1181 1291 1235 miseris
1317 1198 1421 1235 nec
1446 1183 1696 1237 funditus
1719 1199 1914 1237 omnes

302 1270 605 1338 Corporeae
629 1269 904 1323 excedunt
925 1274 1124 1338 pestes,
1151 1269 1479 1339 penitusque
1502 1287 1725 1325 necesse
1748 1275 1832 1326 est

299 1357 464 1411 Multa
486 1355 581 1409 diu
606 1363 868 1410 concreta
889 1357 1067 1411 modis
1092 1359 1396 1416 inolescere
1421 1363 1594 1417 miris.

298 1443 436 1512 Ergo
462 1448 787 1498 exercentur
810 1445 1022 1514 poenis,
1055 1451 1414 1518 veterumque
1439 1450 1710 1505 malorum
1811 1399 1907 1498 s

298 1531 569 1600 Supplicia
591 1533 941 1601 expendunt:
983 1533 1123 1589 aliae
1147 1537 1511 1605 panduntur·
1494 1539 1677 1592 manis
2218 1539 2323 1597 740

296 1618 598 1687 Suspensae
623 1619 692 1673 ad
715 1625 942 1690 ventos;
982 1622 1106 1678 aliis
1130 1625 1232 1678 sub
1254 1626 1474 1692 gurgite
1500 1631 1657 1679 vasto

293 1705 564 1759 Infectum
592 1705 794 1760 eluitur
818 1709 1009 1779 scelus,
1042 1716 1137 1765 aut
1161 1712 1412 1765 exuritur
1437 1713 1571 1780 igni.

295 1794 533 1863 Quisque
558 1811 687 1848 suos
710 1796 952 1864 patimur
975 1798 1189 1865 Mani83
1234 1798 1437 1851 exinde
1463 1815 1563 1866 per
1587 1800 1828 1868 amplum

291 1881 565 1935 Mittimur
588 1881 866 1952 Elysium3
905 1889 963 1938 et
987 1885 1148 1954 pauci
1171 1885 1316 1939 laeta
1340 1902 1474 1939 arva
1497 1891 1767 1954 tenemus,

288 1971 482 2026 Donec
504 1972 672 2041 longa
695 1972 824 2040 dies
855 1972 1100 2041 perfecto
1122 1972 1391 2040 temporis
1415 1972 1566 2040 orbe,
2217 1973 2320 2029 745

290 2060 619 2116 Concretam
646 2062 852 2116 exemit
875 2060 1070 2127 labem,
1097 2075 1408 2128 purumque
1430 2058 1692 2128 relinquit

288 2148 616 2203 Aetherium
640 2165 859 2204 sensum
886 2152 1050 2216 atque
1075 2146 1228 2200 aurai
1252 2146 1516 2215 simplicis
1534 2148 1735 2212 iguem.

285 2234 403 2290 Has
428 2237 624 2306 omnis,
652 2221 749 2290 ubi
774 2234 924 2288 mille
948 2240 1130 2287 rotam
1155 2232 1385 2286 volvere
1405 2250 1507 2302 per
1531 2251 1720 2302 annue,

283 2321 589 2378 Lethaeum
619 2324 690 2377 ad
714 2322 945 2375 fiuvium
970 2320 1105 2374 deus
1129 2325 1328 2374 evocat
1352 2321 1576 2388 agmine
1598 2338 1813 2390 magne,

281 2409 548 2465 Scilicet
534 2428 886 2466 immemores
914 2425 1111 2478 supera
1134 2413 1198 2463 ut
1225 2424 1476 2463 convexa
1500 2409 1743 2462 revisant
2218 2409 2320 2465 750

278 2495 495 2551 Rursus
521 2503 580 2552 et
602 2499 909 2568 incipiant
893 2517 952 2553 m
980 2515 1216 2568 corpora
1241 2495 1385 2550 velle
1409 2494 1670 2549 reverti.”

348 2584 589 2639 Dixerat
612 2585 899 2654 AnchiseS,
926 2592 1225 2655 natumque
1250 2598 1469 2651 unaque
1493 2581 1758 2648 Sibyllam

278 2671 609 2726 Conventus
634 2673 845 2727 trahit'
830 2690 888 2726 m
912 2673 1126 2727 medios
1149 2673 1485 2739 turbamque
1509 2675 1811 2736 sonantem,

273 2759 350 2813 Et
375 2760 654 2814 tumulum
682 2760 842 2829 capit,
870 2761 1018 2815 unde
1045 2763 1225 2815 omnis
1251 2761 1423 2828 longo
1450 2756 1643 2811 ordine
1665 2757 1840 2825 possit

270 2847 570 2901 Adversos
593 2847 793 2916 legere,
817 2853 874 2901 et
898 2849 1221 2903 venientum
1248 2848 1462 2901 discere
1489 2845 1686 2899 voltuS.
2215 2843 2316 2899 755

349 2937 388 2963 “
410 2934 466 2987 N
471 2951 579 2989 unc
604 2952 719 3003 age,
748 2935 1084 2991 Dardaniam
1107 2936 1319 3005 prolem
1347 2952 1488 3003 quae
1512 2932 1712 2987 deinde
1736 2936 1996 3001 sequatur

269 3023 490 3091 Gloria,
522 3023 615 3093 qui
640 3028 903 3077 maneant
926 3023 1070 3077 Itala
1094 3023 1164 3076 de
1188 3028 1355 3088 gente
1381 3026 1625 3090 nepoteS,

265 3108 537 3164 Inlustris
559 3110 773 3164 animas
799 3115 1157 3179 nostrumque
1181 3110 1240 3162 in
1264 3125 1469 3162 nomen
1495 3109 1685 3175 ituras,

262 3195 584 3265 Expediam
611 3196 793 3262 dictis,
823 3201 881 3250 et
904 3202 961 3250 te
984 3201 1082 3250 tua
1106 3197 1224 3250 fata
1248 3195 1478 3249 doceb0.

262 3282 390 3351 Ille,
425 3284 599 3352 vides,
628 3299 770 3352 pura
791 3283 1007 3337 iuvenis
1031 3282 1123 3351 qui
1148 3282 1347 3335 nititur
1370 3281 1545 3350 hasta,
2216 3277 2320 3333 760

260 3369 544 3425 Proxima
568 3375 721 3424 sorte
745 3374 902 3423 tenet
923 3369 1062 3423 lucis
1085 3368 1224 3435 loca,
1253 3369 1468 3436 primus
1492 3368 1563 3423 ad
1587 3386 1748 3424 auras

259 3458 578 3512 Aetherias
602 3457 750 3511 Italo
776 3457 1107 3510 commixtus
1132 3456 1396 3523 sanguine
1422 3461 1625 3524 surget,

254 3542 499 3614 Silvius,
529 3543 814 3598 Albanum
840 3559 1059 3611 nomen,
1087 3546 1188 3597 tua
1212 3547 1472 3610 postuma
1495 3541 1711 3609 proles;
