2725 3917
910 211 1185 262 VERGILI
1229 211 1560 262 AENEIDOS
1602 213 1695 262 VI.

290 374 559 443 Prospexi
585 373 803 428 Italiam
829 390 1044 426 summa
1069 372 1319 425 sublimis
1343 373 1415 426 ab
1440 373 1606 427 unda.

291 461 568 515 Paulatim
594 461 865 515 adnabam
890 466 1099 526 terrae;
1139 460 1250 512 iam
1275 465 1401 513 tuta
1423 462 1700 530 tenebam,

290 547 341 601 N
346 549 366 600 i
391 565 526 617 gens
551 547 787 600 crudelis
810 546 1031 601 madida
1054 562 1180 599 cum
1203 551 1358 599 veste
1382 552 1671 614 gravatum

193 679 197 684 .
291 633 762 703 Prensantemque
784 635 940 687 uncis
964 633 1216 687 manibus
1239 633 1422 701 capita
1446 649 1636 702 aspera
1659 634 1869 689 montis
2221 640 2325 690 360

291 721 461 775 Ferro
485 721 792 789 invasisset,
819 720 1187 789 praedamque
1212 722 1403 788 ignara
1426 726 1690 788 putasset.

291 806 454 861 Nunc
479 825 569 861 me
594 807 796 861 fluctus
819 807 1001 875 habet,
1029 813 1360 875 versantque
1386 808 1443 860 in
1469 807 1633 861 litore
1659 809 1828 863 venti.

293 894 453 959 Quod
479 899 536 947 te
562 911 662 962 per
687 894 823 947 caeli
845 893 1142 947 iucundum
1167 893 1352 947 lumen
1380 899 1438 947 et
1462 910 1636 963 auras,

290 980 399 1033 Per
422 983 733 1049 genitorem
760 998 875 1050 or0,
901 998 1002 1049 per
1025 998 1149 1050 spes
1173 982 1449 1049 surgentis
1474 980 1592 1050 Iuli,

290 1067 457 1136 Eripe
481 1084 572 1121 me
595 1067 698 1136 his,
725 1068 949 1136 invicte,
978 1067 1165 1121 malis:
1207 1073 1302 1121 aut
1326 1072 1390 1121 tu
1413 1068 1550 1121 mihi
1575 1075 1783 1123 terram
2220 1073 2323 1124 365

290 1153 457 1220 Inice,
484 1171 723 1223 namque
747 1158 922 1223 poteS,
950 1159 1254 1223 portusque
1277 1154 1496 1223 require
1520 1154 1771 1224 Velinos,

290 1241 411 1294 Ant
434 1247 514 1307 tu,
543 1242 588 1294 si
615 1257 722 1310 qua
745 1241 838 1296 via
861 1245 959 1308 est,
988 1241 1035 1293 si
1060 1257 1222 1309 quam
1245 1241 1349 1295 tibi
1377 1242 1507 1295 diva
1530 1244 1769 1296 creatrix
1838 1241 1851 1314 ,4

291 1328 801 1397 Ostendit,—neque
830 1328 993 1396 enim,
1024 1328 1206 1397 credO,
1233 1329 1353 1382 sine
1378 1329 1603 1382 numine
1627 1329 1817 1384 divom

288 1415 544 1468 Flumina
566 1419 725 1469 tanta
747 1431 910 1483 paras
936 1414 1292 1484 Stygiamque
1315 1416 1510 1470 innare
1535 1416 1866 1485 paludem—-

288 1502 376 1557 Da
399 1502 652 1555 dextram
676 1502 894 1569 misere,
922 1506 980 1554 et
1002 1506 1187 1555 tecum
1210 1519 1300 1555 me
1322 1503 1456 1555 tolle
1480 1519 1579 1571 per
1603 1502 1792 1573 undas,
2219 1504 2323 1561 370

291 1589 523 1642 Sedibus
547 1594 610 1641 ut
635 1588 832 1641 saltem
858 1587 1092 1656 placidis
1114 1589 1173 1640 in
1198 1594 1378 1642 morte
1403 1589 1736 1657 quiescam.”

290 1676 440 1729 Talia
463 1677 611 1729 fatus
636 1679 770 1742 erat,
801 1674 984 1742 coepit
1007 1691 1128 1727 cum
1154 1674 1289 1728 talia
1312 1681 1497 1730 vates:

294 1762 507 1816 “Unde
531 1762 684 1830 haec,
715 1778 748 1815 o
774 1760 1050 1830 Palinure,
1079 1761 1179 1815 tibi
1208 1767 1322 1815 tam
1351 1762 1475 1816 dira
1498 1761 1735 1830 cupido?
1762 1785 1771 1791 ·

290 1850 367 1905 Tu
392 1853 613 1922 Stygias
637 1854 956 1908 inhumatus
980 1870 1147 1922 aquas
1172 1869 1499 1921 amnemque
1523 1869 1775 1906 severum

288 1936 654 1991 Eumenidum
683 1939 928 2007 aspicies,
958 1939 1209 2008 ripamve
1235 1938 1473 1991 iniussus
1501 1936 1715 1991 adibis?
2217 1935 2319 1992 375

287 2021 488 2077 Desine
512 2026 634 2077 fata
657 2024 817 2078 deum
844 2025 994 2095 flecti
1018 2040 1240 2093 sperare
1263 2023 1559 2092 precando,

289 2109 396 2163 Sed
422 2128 558 2179 cape
582 2111 732 2166 dicta
753 2129 980 2178 memor,
1008 2112 1133 2164 duri
1158 2111 1360 2166 solacia
1385 2127 1558 2165 casus,

288 2195 432 2251 Nam
455 2203 555 2251 tua
578 2197 816 2263 finitimi,
845 2199 1007 2266 longe
1031 2198 1247 2267 lateque
1271 2215 1373 2267 per
1399 2199 1564 2252 urbes

286 2282 560 2352 Prodigiis
585 2286 694 2338 acti
720 2285 1060 2353 caelestibus
1090 2302 1216 2339 ossa
1237 2285 1485 2354 piabunt,
1562 2302 1585 2320 ·

287 2368 358 2423 Et
383 2377 632 2425 statuent
658 2372 947 2440 tumulum,
977 2377 1034 2425 et
1056 2371 1272 2426 tumulo
1301 2372 1590 2426 sollemnia
1614 2372 1856 2440 mittent,
2215 2375 2320 2426 380

288 2455 703 2527 Aeternumque
728 2458 884 2512 locus
909 2458 1158 2511 Palinuri
1182 2474 1388 2512 nomen
1414 2459 1697 2513 habebit.”

288 2543 385 2597 His
409 2545 574 2598 dictis
600 2562 763 2599 curae
791 2550 1021 2611 emotae,
1051 2545 1347 2614 pulsusque
1373 2562 1672 2614 parumper

290 2629 465 2685 Corde
492 2631 657 2684 dolor
682 2631 857 2685 tristi:
903 2632 1104 2699 gaudet
1128 2631 1461 2700 cognomine
1483 2638 1651 2686 terra.

352 2717 501 2786 Ergo
526 2718 636 2771 iter
660 2718 941 2787 inceptum
967 2723 1241 2786 peragunt
1268 2718 1544 2787 fluvioque
1572 2719 1961 2787 propinquant.

290 2802 491 2858 Navita
514 2821 655 2873 quos
679 2805 790 2858 iam
814 2805 945 2858 inde
970 2810 1032 2857 ut
1057 2804 1249 2873 Stygia
1272 2806 1558 2874 prospexit
1582 2807 1652 2859 ab
1675 2806 1827 2860 unda
2215 2809 2318 2860 385

288 2889 390 2944 Per
412 2893 646 2946 tacitum
675 2908 870 2945 nemus
895 2893 974 2945 ire
999 2892 1303 2961 pedemque
1328 2893 1616 2947 advertere
1641 2894 1851 2961 ripae,·'

289 2977 371 3032 Sic
393 2981 550 3047 prior
575 2980 896 3047 aggreditur
921 2979 1097 3047 dictis,
1128 2984 1290 3049 atque
1316 2981 1565 3049 increpat
1589 2981 1769 3035 ultro:

292 3065 323 3092 ‘⁸
342 3064 604 3134 Quisquis
628 3082 702 3132 ee,
733 3070 975 3119 armatus
1001 3068 1093 3135 qui
1117 3073 1310 3121 nostra
1334 3067 1405 3121 ad
1429 3066 1658 3121 flumina
1679 3067 1879 3135 tendis,

287 3149 420 3205 Fare
445 3169 562 3220 age,
593 3151 725 3220 quid
752 3152 955 3220 venias,
983 3154 1093 3207 iam
1114 3154 1295 3222 istinc,
1324 3159 1382 3207 et
1408 3155 1711 3223 comprime
1736 3170 1999 3223 gressum.
2066 3199 2075 3206 .

287 3236 618 3292 Umbrarum
643 3238 737 3292 hic
762 3238 914 3291 locus
938 3244 1036 3307 est,
1066 3239 1260 3293 Somni
1285 3239 1590 3310 Noctisque
1613 3257 1879 3309 soporae;
2214 3241 2317 3292 390

286 3322 526 3396 Corpora
548 3325 682 3379 viva
704 3326 862 3378 nefas
886 3325 1079 3394 Stygia
1101 3330 1323 3380 vectare
1350 3328 1551 3382 carina.

283 3407 400 3468 Nee
419 3427 560 3468 vero
581 3410 826 3465 Alciden
849 3428 938 3465 me
964 3430 1082 3465 snm
1108 3413 1347 3467 laetatus
1373 3420 1596 3467 euntem

281 3493 574 3572 *misse
596 3497 741 3567 lacu,
771 3514 875 3552 nec
900 3498 1111 3588 Thpsea
1141 3499 1576 3568 Pirithoumque,

323 3713 332 3722 -
389 3691 412 3726 Ἰ
