2725 3917
914 237 1190 286 VERGILI
1234 236 1565 285 AENEIDOS
1608 235 1696 285 IV.

296 401 423 455 Non
446 401 557 454 iam
581 397 899 467 coniugium
925 397 1232 466 antiquum,
1257 396 1403 464 quod
1429 395 1690 464 prodidit,
1719 411 1833 464 oro,

295 486 413 541 Nec
436 485 672 555 pulchro
694 489 760 538 ut
783 484 942 538 Latio
967 487 1152 537 careat
1177 499 1519 551 regnumque
1543 481 1852 551 relinquat3

295 573 531 641 Tempus
552 572 719 624 inane
742 575 890 639 peto,
918 569 1165 638 requiem
1192 569 1538 637 spatiumque
1562 569 1759 637 furori,

294 658 440 713 Dum
462 674 589 712 mea
609 674 703 711 me
726 657 929 710 victam
954 655 1151 709 doceat
1173 655 1400 710 fortuna
1423 654 1626 708 dolere.

294 745 614 799 Extremam
636 743 781 796 hanc
805 758 905 796 oro
930 741 1506 809 veniam,--miserere
1529 741 1808 794 sororis—
1973 770 1981 780 ·
2009 754 2014 758 ’
2222 742 2326 794 435

298 832 476 897 Quam
498 830 640 883 mihi
664 845 790 882 cum
814 827 1048 895 dederis,
1079 827 1416 881 cumulatam
1439 831 1618 881 morte
1640 827 1977 882 remittam.'’

365 917 588 972 Talibus
612 916 824 984 orabat,
854 914 1087 983 talisque
1113 914 1424 967 miserrima
1445 913 1606 966 fletus

295 1004 537 1072 Fertque
558 1002 836 1070 refertque
861 1016 1032 1055 soror.
1108 999 1216 1054 Sed
1240 1000 1407 1053 nullis
1431 999 1524 1053 ille
1547 1005 1804 1053 movetur

295 1091 560 1158 Fletibus,
588 1092 688 1142 aut
710 1103 876 1141 voces
900 1086 1041 1140 ullas
1067 1087 1376 1140 tractabilis
1399 1086 1588 1140 audit:

295 1177 435 1232 Fata
459 1177 702 1244 obstant,
732 1173 1083 1243 placidasque
1110 1174 1218 1226 viri
1242 1173 1380 1227 deus
1404 1173 1641 1227 obstruit
1665 1173 1831 1228 auris.
2227 1175 2333 1225 440

295 1263 383 1318 Ac
407 1262 562 1317 velut
585 1277 796 1316 annoso
821 1259 1057 1314 validam
1083 1276 1207 1314 cum
1234 1260 1434 1314 robore
1461 1275 1724 1328 quercum

295 1349 490 1418 Alpini
512 1348 725 1403 Boreae
747 1363 897 1400 nunc
920 1347 1051 1401 hinc
1074 1362 1222 1399 nunc
1246 1345 1468 1399 flatibus
1491 1345 1642 1399 illinc

294 1436 503 1490 Eruere
525 1436 674 1489 inter
697 1451 757 1488 se
781 1438 1029 1501 certant3
1067 1433 1116 1486 it
1138 1432 1360 1498 stridor,
1390 1437 1447 1485 et
1470 1432 1613 1486 altae

298 1524 678 1577 Constemunt
705 1527 911 1575 terram
939 1536 1203 1574 concusso
1228 1519 1417 1587 stipite
1440 1519 1698 1587 frondes3

297 1610 425 1678 Ipsa
447 1609 643 1662 haeret
667 1607 919 1676 scopulis,
943 1611 1016 1674 et,
1048 1609 1316 1675 quantum
1340 1605 1550 1658 vertice
1576 1605 1647 1659 ad
1671 1621 1833 1659 auras
2227 1606 2334 1657 445

298 1695 610 1763 Aetherias,
639 1699 858 1748 tantum
883 1692 1068 1747 radice
1090 1693 1151 1745 in
1176 1691 1408 1745 Tartara
1429 1691 1642 1745 tendit:

297 1782 462 1837 Haud
486 1799 644 1837 secus
667 1783 909 1837 adsiduis
932 1782 1062 1836 hinc
1087 1786 1250 1850 atque
1273 1782 1404 1834 hinc
1428 1780 1656 1834 vocibus
1678 1778 1846 1831 heros

299 1869 584 1939 Tunditur,
617 1874 675 1923 et
697 1853 900 1938 magno
927 1869 1200 1938 persentit
1223 1871 1450 1936 pectore
1474 1882 1663 1929 curas3

299 1956 454 2010 Mens
478 1958 710 2011 immota
743 1964 950 2028 manet,
993 1956 1257 2011 lacrimae
1282 1952 1583 2007 volvuntur
1606 1951 1815 2006 inanes.

367 2047 505 2100 Tum
529 2064 666 2101 vero
688 2044 887 2097 infelix
910 2044 1046 2098 fatis
1070 2044 1337 2099 exterrita
1359 2042 1508 2097 Dido
1837 2059 1884 2118 >s
1914 2085 1944 2124 5
1987 2063 1996 2076 ³
2067 2067 2080 2088 κ
2229 2041 2335 2092 450

300 2130 539 2187 Mortem
563 2139 719 2203 orat3
757 2135 948 2189 taedet
973 2134 1110 2188 caeli
1135 2150 1385 2212 conyexa
1407 2132 1569 2187 tueri.

303 2217 423 2283 Quo
448 2220 623 2288 magis
645 2220 933 2289 inceptum
956 2225 1191 2289 peragat
1213 2220 1505 2289 lucemque
1527 2218 1818 2287 relinquat,

303 2304 474 2376 Vidit,
503 2308 816 2362 turicremis
841 2324 968 2361 cum
991 2307 1141 2360 dona
1161 2307 1475 2375 imponeret
1498 2305 1680 2361 aris—

302 2391 654 2447 Horrendum
678 2393 1094 2448 dictu—latices
1114 2393 1426 2461 nigrescere
1451 2408 1635 2446 sacros

302 2476 548 2550 Fusaque
571 2482 632 2534 in
659 2482 957 2535 obscenum
983 2497 1042 2534 se
1066 2485 1285 2534 vertere
1310 2479 1442 2533 vina
1465 2494 1730 2533 cruorem.
2231 2476 2337 2527 455

304 2565 422 2621 Hoc
446 2569 627 2622 visum
649 2567 805 2636 nulli,
835 2583 946 2620 non
972 2567 1078 2636 ipsi
1105 2567 1272 2620 effata
1294 2565 1489 2620 sorori.

303 2653 598 2708 Praeterea
619 2654 728 2707 fuit
752 2655 811 2708 in
834 2654 998 2708 tectis
1022 2653 1090 2707 de
1113 2670 1390 2707 marmore
1414 2651 1680 2721 templum

308 2740 569 2810 Coniugis
593 2741 823 2810 antiqui,
852 2741 995 2794 miro
1021 2740 1168 2809 quod
1192 2740 1405 2794 honore
1429 2740 1663 2808 colebat,

305 2826 617 2882 Velleribus
640 2829 818 2882 niveis
845 2833 902 2881 et
926 2828 1067 2881 festa
1089 2827 1287 2881 fronde
1310 2817 1651 2881 revinctum:

305 2913 446 2970 Hinc
472 2915 722 2970 exaudiri
747 2931 915 2968 voces
937 2920 994 2968 et
1017 2915 1188 2968 verba
1213 2915 1460 2968 vocant-is
2234 2911 2340 2962 460

266 3064 273 3070 ,
305 3000 440 3056 Visa
461 3002 585 3071 viri,
612 3019 729 3056 nox
755 3019 880 3056 cum
903 3006 1083 3055 terras
1109 3002 1342 3055 obscura
1363 3004 1611 3067 teneret3

305 3088 540 3158 Solaque
564 3089 896 3143 culminibus
919 3088 1076 3142 ferali
1104 3089 1347 3142 carmine
1373 3089 1522 3142 bubo

306 3174 477 3244 Saepe
503 3175 660 3243 queri
686 3180 744 3229 et
768 3175 962 3243 longas
983 3176 1044 3228 in
1068 3174 1260 3229 fletum
1286 3175 1487 3228 ducere
1510 3190 1703 3240 voces3

303 3259 588 3330 Multaque
611 3265 904 3330 praeterea
927 3267 1118 3315 vatum
1143 3261 1431 3329 praedicta
1453 3260 1702 3329 priorum

303 3347 553 3403 Terribili
578 3349 799 3402 monitu
824 3347 1166 3402 horrificant.
1241 3347 1379 3415 Agit
1401 3347 1520 3414 ipse
1543 3347 1825 3399 furentem
2233 3340 2337 3391 465

299 3434 367 3490 In
390 3435 604 3490 somnis
626 3435 781 3488 ferus
805 3433 1053 3501 A'eneas3
1094 3449 1420 3500 semperque
1445 3432 1682 3500 relinqui

254 3511 265 3518 ⁴
296 3519 435 3582 Sub
450 3521 574 3592 sibi,
604 3537 826 3589 semper
849 3520 1072 3588 longam
1096 3519 1420 3573 incomitata
1447 3517 1666 3571 videtur
