2725 3917
1003 241 1277 290 VERGILI
1324 242 1653 292 AENEIDOS
1698 243 1839 293 v111.

394 400 577 454 Sensit
602 400 749 454 laeta
774 401 916 454 dolis
940 406 996 455 et
1023 402 1231 456 formae
1259 402 1475 456 conscia
1500 405 1762 457 coniunx,

394 485 532 537 Tum
558 491 717 553 pater
741 491 968 539 aeterno
991 486 1144 539 fatur
1169 486 1465 539 devinctus
1492 504 1706 541 amore:

399 572 596 637 “Quid
622 589 811 626 causas
835 574 978 642 petis
1002 589 1070 626 ex
1096 573 1249 627 alto?
1288 573 1492 628 fiducia
1524 576 1690 628 cessit

395 660 519 725 Quo
545 659 663 727 tibi,
692 659 834 727 diva,
864 661 1009 714 mei?
1084 660 1291 713 Similis
1316 661 1361 713 si
1387 677 1520 715 cura
1546 662 1754 730 fuisset,

394 745 534 799 Tum
563 763 776 814 quoque
800 747 887 799 fas
911 747 1071 800 nobis
1094 747 1334 801 Teucros
1358 764 1572 801 armare
1595 749 1824 815 fuisset3

392 832 513 886 Nec
537 832 702 886 Pater
728 834 1080 902 omnipotens
1104 833 1321 887 Troiam
1349 850 1453 887 nec
1478 835 1599 888 fata
1623 836 1889 889 vetabant

394 920 553 975 Stare
578 920 876 990 decemque
902 920 1038 974 alios
1060 921 1342 996 Priamum
1371 937 1656 990 superesse
1681 938 1781 990 per
1805 938 1997 975 annos.

391 1007 469 1060 Et
492 1024 655 1074 nunc,
685 1007 731 1060 si
756 1007 960 1070 bellare
984 1024 1144 1076 paras
1172 1013 1335 1076 atque
1362 1008 1500 1061 haec
1527 1008 1630 1061 tibi
1659 1025 1812 1062 mens
1837 1014 1935 1075 est,

394 1093 673 1163 Quidquid
699 1093 755 1145 in
779 1099 898 1147 arte
921 1110 1047 1147 mea
1071 1111 1292 1162 possum
1321 1095 1648 1163 promittere
1674 1113 1854 1165 curae,

394 1182 556 1247 Quod
581 1181 703 1234 fieri
726 1182 877 1235 ferro
901 1181 1183 1250 liquidove
1209 1189 1396 1251 potest
1429 1185 1650 1253 electr0,

394 1268 672 1333 Quantum
696 1267 849 1335 ignes
874 1269 1197 1337 animaeque
1225 1270 1423 1340 valent,
1449 1272 1649 1325 absiste
1673 1271 1953 1340 precando

392 1354 625 1408 Viribus
647 1353 962 1407 indubitare
983 1355 1145 1409 tuis.”
1217 1357 1300 1410 Ea
1322 1358 1496 1411 verba
1519 1358 1737 1412 locutus

394 1444 629 1512 Optatos
653 1441 806 1495 dedit
831 1441 1127 1512 amplexuS,
1162 1444 1546 1515 placidumque
1568 1447 1768 1515 petivit

393 1532 657 1601 Coniugis
682 1533 894 1586 infusus
919 1535 1130 1602 gremio
1154 1551 1254 1603 per
1276 1535 1527 1588 membra
1551 1550 1820 1601 soporem.

462 1619 599 1673 Inde
623 1619 718 1673 ubi
743 1620 922 1688 prima
949 1622 1102 1690 quies
1124 1622 1308 1675 medio
1334 1623 1442 1675 iam
1470 1621 1668 1697 Noctis
1690 1621 1919 1674 abactae

394 1705 682 1761 Ourriculo
707 1709 991 1777 expulerat
1016 1725 1283 1775 somnum,
1315 1726 1438 1762 cum
1463 1709 1674 1762 femina
1697 1708 1954 1776 primum,

393 1793 495 1847 Cui
521 1794 760 1848 tolerare
785 1795 907 1850 colo
933 1796 1103 1850 vitam
1130 1796 1395 1865 tenuique
1420 1795 1672 1848 Minerva

391 1880 734 1949 Impositum,
766 1882 1004 1937 cinerem
1033 1888 1090 1937 et
1115 1884 1326 1952 sopitos
1353 1882 1581 1936 suscitat
1604 1882 1763 1949 ignis,

392 1965 627 2028 Noctem
655 1973 860 2028 addens
886 1972 1056 2040 operi,
1092 1970 1432 2037 famulasque
1456 1970 1524 2023 ad
1550 1969 1759 2022 lumina
1783 1968 1950 2035 longo

389 2059 626 2115 Exercet
649 2079 836 2131 penso,
866 2065 1076 2114 castum
1105 2063 1167 2111 ut
1191 2074 1414 2111 servare
1439 2056 1619 2121 cubile

392 2145 654 2215 Coniugis
680 2152 736 2200 et
761 2146 933 2215 possit
958 2160 1160 2212 parvos
1185 2142 1418 2196 educere
1443 2147 1632 2195 natos:

390 2231 551 2285 Haud
579 2250 734 2288 secus
760 2233 1083 2301 Ignipotens
1106 2246 1209 2282 nec
1235 2235 1484 2296 tempore
1508 2230 1727 2295 segnior
1754 2229 1848 2281 illo

389 2318 649 2374 Mollibus
674 2337 704 2374 e
730 2321 917 2374 stratis
943 2336 1108 2390 opera
1136 2319 1204 2372 ad
1229 2316 1453 2371 fabrilia
1476 2315 1667 2382 surgit.

388 2403 575 2462 Insula
600 2406 876 2461 Sicanium
904 2409 1060 2463 iuxta
1085 2406 1231 2461 latus
1257 2402 1623 2470 Aeoliamque

387 2491 638 2562 Erigitur
662 2495 915 2562 Liparen,
944 2494 1284 2549 fumantibus
1309 2490 1481 2545 ardua
1505 2489 1666 2552 saxis,

390 2579 569 2645 Quam
594 2582 784 2635 subter
808 2598 1004 2650 specus
1029 2587 1087 2636 et
1114 2581 1420 2649 Cyclopum
1445 2593 1609 2631 exesa
1634 2576 1863 2631 caminis

388 2667 571 2722 Antra
596 2668 847 2722 Aetnaea
869 2674 1082 2738 tonant,
1110 2668 1387 2736 validique
1411 2664 1700 2719 incudibus
1723 2664 1867 2717 ictus

388 2754 583 2808 Auditi
609 2755 853 2809 referunt
878 2757 1159 2825 gemitum,
1187 2754 1536 2822 striduntque
1561 2751 1813 2806 cavernis

389 2841 693 2897 Stricturae
719 2842 1045 2912 Chalybum,
1076 2848 1132 2896 et
1158 2842 1479 2896 fornacibus
1509 2840 1653 2908 ignis
1677 2837 1917 2904 anhelat,

388 2927 624 2983 Volcani
648 2930 859 2998 domuS,
889 2936 945 2984 et
969 2930 1242 2985 Volcania
1265 2929 1491 2984 nomine
1516 2927 1695 2981 tellus,

388 3014 510 3070 Hoc
536 3020 668 3070 tunc
693 3017 1016 3086 Ignipotens
1051 3017 1202 3071 caelo
1226 3015 1511 3070 descendit
1536 3016 1604 3068 ab
1631 3014 1761 3068 alto,

387 3100 615 3157 Ferrum
644 3105 975 3158 exercebant
1001 3110 1156 3158 vasto
1183 3103 1454 3172 Cyclopes
1478 3102 1537 3155 in
1564 3105 1745 3167 antr0,

386 3188 733 3260 Brontesque
758 3189 1126 3260 Steropesque
1153 3197 1209 3243 et
1235 3189 1416 3243 nudus
1441 3187 1689 3241 membra
1713 3186 2044 3253 Pyracmon.

387 3275 490 3330 His
513 3277 869 3332 informatum
896 3278 1151 3331 manibus
1175 3276 1285 3330 iam
1312 3281 1474 3346 parte
1501 3274 1676 3343 polita

385 3363 620 3419 Fulmen
645 3370 779 3432 erat,
811 3370 930 3419 toto
957 3363 1194 3418 Genitor
1219 3379 1357 3431 quae
1382 3362 1621 3431 plurima
1643 3360 1797 3415 caelo

386 3448 570 3505 Deicit
594 3452 650 3504 in
675 3457 868 3519 terras,
896 3467 1025 3518 pars
1047 3449 1378 3517 imperfecta
1396 3448 1672 3502 manebat.

387 3533 509 3589 Tris
531 3536 725 3589 imbris
749 3537 882 3590 torti
910 3537 1109 3603 radios,
1136 3535 1241 3588 tris
1264 3536 1431 3588 nubis
1456 3549 1694 3601 aquosae

2325 576 2427 628 395

2321 1013 2425 1062 400

2319 1449 2425 1499 405

2317 1884 2424 1935 410

2317 2318 2422 2369 415

2315 2754 2420 2804 420

2316 3188 2421 3239 425
