2725 3917
1017 244 1292 296 VERGILI
1336 246 1664 298 AENEIDOS
1709 247 1775 299 11.

381 403 665 472 Aspiciet?
702 409 971 475 partoque
996 406 1099 460 ibit
1122 408 1314 475 regina
1340 409 1637 479 triumphe,

311 482 314 484 ’
383 491 836 561 coniugiumque,
867 492 1214 563 domumque,
1242 500 1443 564 patres,
1470 501 1739 566 natosque
1762 497 1988 567 videbit,

380 577 615 631 Iliadum
639 579 802 632 turba
825 584 883 632 et
906 579 1166 648 Phrygiis
1190 583 1452 637 comitata
1475 584 1777 638 ministris?

382 663 661 717 Occiderit
683 665 837 719 ferro
861 666 1152 721 Priamus?
1225 667 1394 723 Troia
1417 671 1611 723 arserit
1635 671 1785 738 igni?

380 749 723 805 Dardanium
746 754 954 806 totiens
978 754 1191 808 sudarit
1216 756 1481 822 sanguine
1507 756 1675 810 litus?

380 836 510 891 Non
534 838 629 893 ita.
702 838 958 909 Namque
983 842 1087 895 etsi
1111 841 1322 895 nullum
1345 843 1702 897 memorabile
1728 861 1929 899 nomen

378 924 642 979 Feminea
664 926 721 978 in
746 943 927 995 poena
950 932 1034 981 est
1059 944 1162 981 nec
1187 928 1357 982 habet
1382 929 1618 983 victoria
1644 930 1878 1001 laudem,

377 1011 727 1067 Exstinxisse
751 1014 906 1067 nefas
933 1019 1119 1068 tamen
1145 1019 1202 1068 et
1225 1016 1522 1084 sumpsisse
1550 1018 1813 1071 merentis

376 1098 668 1153 Laudabor
699 1117 919 1170 poenas,
952 1103 1304 1170 animumque
1330 1101 1579 1171 explesse
1602 1104 1815 1159 iuvabit

378 1184 602 1238 Ultricis
626 1185 897 1255 fiammae,
929 1196 987 1240 et
1011 1188 1220 1240 cineres
1245 1188 1472 1241 satiasse
1495 1205 1761 1244 meorum.

377 1270 530 1325 Talia
556 1271 846 1340 iactabam‚
880 1277 936 1325 et
959 1273 1166 1327 furiata
1189 1279 1377 1328 mente
1400 1275 1631 1345 ferebar,

379 1357 519 1410 Cum
543 1358 680 1410 mihi
707 1375 779 1428 se,
808 1375 922 1413 non
949 1365 1078 1414 ante
1103 1361 1275 1415 oculis
1300 1365 1416 1416 tam
1441 1363 1603 1432 clara,
1632 1364 1927 1428 videndam

378 1444 598 1499 Obtulit
624 1450 681 1499 et
704 1462 845 1514 pura
868 1463 968 1516 per
991 1452 1212 1502 noctem
1235 1448 1292 1501 in
1316 1447 1441 1503 luce
1464 1450 1684 1505 refulsit

377 1533 543 1588 Alma
565 1551 779 1604 parenS,
809 1537 1061 1589 confessa
1085 1536 1260 1605 deam,
1292 1538 1573 1607 qualisque
1597 1539 1772 1592 videri

376 1619 664 1675 Caelicolis
689 1626 744 1675 et
772 1627 977 1690 quanta
1001 1622 1152 1691 solet,
1182 1622 1486 1691 dextraque
1510 1624 1842 1692 prehensum

376 1705 682 1776 Continuit,
711 1724 980 1777 roseoque
1004 1708 1141 1762 haec
1165 1709 1390 1778 insuper
1413 1710 1625 1764 addidit
1649 1727 1777 1767 ore:

380 1796 414 1823 “
433 1794 592 1864 Nate,
624 1797 744 1865 quis
767 1797 1066 1851 indomitas
1093 1802 1277 1852 tantus
1301 1798 1460 1860 dolor
1486 1801 1691 1854 excitat
1715 1802 1861 1856 iras?

333 1888 339 1895 '
375 1882 520 1947 Quid
544 1884 719 1937 furis?
758 1889 853 1938 aut
878 1901 1116 1953 quonam
1140 1886 1314 1938 nostri
1340 1886 1445 1939 tibi
1470 1903 1601 1940 cura
1623 1888 1885 1943 recessit?

374 1971 503 2026 Non
528 1974 682 2042 prius
709 1973 954 2041 aspicies,
982 1973 1075 2026 ubi
1102 1973 1305 2026 fessum
1332 1979 1513 2027 aetate
1539 1980 1823 2042 parentem

371 2058 623 2127 Liqueris
650 2059 975 2112 Anchisen?
1014 2065 1235 2128 superet
1259 2062 1572 2115 coniunxne
1598 2061 1819 2130 Creusa,

373 2149 754 2220 Ascaniusque
780 2151 953 2219 puer?
994 2166 1130 2220 quos
1155 2150 1333 2203 omnis
1355 2150 1597 2218 undique
1622 2150 1823 2203 Graiae

374 2236 597 2292 Circum
623 2242 811 2291 errant
837 2238 994 2307 acieS,
1023 2244 1093 2307 et,
1120 2239 1180 2290 ni
1205 2255 1328 2292 mea
1350 2256 1484 2293 cura
1506 2239 1741 2308 resistat,

372 2323 491 2378 Iam
515 2324 1023 2380 flammae'tulerint
1046 2326 1302 2380 inimicus
1327 2332 1384 2380 et
1407 2327 1651 2382 hauserit
1674 2325 1836 2381 ensis·

371 2409 502 2465 Non
527 2412 631 2466 tibi
657 2412 984 2481 Tyndaridis
1008 2414 1178 2467 facies
1202 2414 1380 2469 invisa
1402 2414 1684 2469 Lacaenae

372 2498 707 2569 Culpatusve
731 2500 916 2568 Paris3
953 2501 1140 2554 divom
1164 2501 1529 2570 inclementia,
1559 2502 1762 2571 divom,

371 2585 488 2641 Has
515 2589 716 2642 evertit
740 2604 871 2658 opes
897 2591 1202 2659 sternitque
1227 2607 1260 2643 a
1284 2590 1520 2644 culmine
1545 2589 1781 2644 Troiam.

371 2674 887 2745 Aspice—namque
916 2693 1150 2745 omnem,
1180 2693 1318 2746 quae
1342 2693 1490 2730 nunc
1516 2677 1752 2731 obducta
1774 2676 1955 2731 tuenti

368 2760 621 2816 Mortalis
643 2761 872 2816 hebetat
897 2763 1046 2817 visus
1071 2764 1176 2818 tibi
1203 2768 1259 2817 et
1283 2763 1474 2817 umida
1498 2764 1706 2817 circum

371 2849 602 2919 Caligat,
630 2850 832 2904 nubem
859 2852 1087 2920 eripiam
1109 2871 1121 2921 3
1161 2856 1224 2905 tu
1247 2868 1318 2905 ne
1345 2868 1451 2920 qua
1473 2853 1719 2920 parentis

290 2936 300 2944 ‘
368 2936 523 2991 Iussa
546 2937 695 3003 time,
725 2955 834 2992 neu
859 2940 1168 3008 praeceptis
1192 2955 1386 3007 parere
1410 2956 1672 2994 recusa—

369 3024 487 3093 Hic,
518 3024 612 3078 ubi
637 3024 892 3080 disiectas
916 3026 1089 3080 moles
1115 3025 1410 3094 avulsaque
1434 3026 1579 3080 saxis

367 3111 512 3166 Saxa
535 3112 688 3166 vides
711 3113 998 3187 mixtoque
1023 3112 1320 3167 undantem
1347 3113 1576 3182 pulvere
1599 3113 1827 3180 fumum,

367 3198 659 3268 Neptunus
682 3217 871 3254 muros
895 3216 1204 3268 magnoque
1229 3205 1413 3254 emota
1437 3199 1667 3254 tridenti

366 3284 747 3341 Fundamenta
772 3287 951 3355 quatit
975 3291 1259 3354 totamque
1286 3303 1318 3339 a
1343 3286 1562 3341 sedibus
1585 3287 1780 3339 urbem

364 3370 541 3426 Eruit.
615 3372 723 3426 Hic
747 3372 888 3425 Iuno
913 3371 1108 3425 Scaeas
1132 3372 1449 3427 saevissima
1470 3376 1660 3441 portas

365 3455 554 3510 Prima
577 3461 745 3526 tenet,
776 3458 1094 3526 sociumque
1119 3456 1311 3511 furens
1336 3475 1371 3513 a
1393 3459 1625 3513 navibus
1649 3473 1849 3526 agmen

363 3541 536 3596 Ferro
560 3543 804 3598 accincta
825 3548 1006 3599 vocat.

2310 590 2415 643 580

2305 1026 2409 1078 585
2703 1025 2711 1440 4

2302 1458 2407 1511 590

2300 1893 2402 1945 595

2298 2331 2401 2382 600

2295 2766 2397 2819 605

2293 3201 2396 3255 610
