2725 3917
986 268 1263 319 VERGILI
1308 266 1637 316 AENEIDOS
1679 266 1823 315 vm.

380 429 473 484 Sol
498 429 739 482 medium
760 428 896 483 caeli
922 427 1318 483 conscenderat
1341 429 1534 496 igneus
1559 427 1765 494 orbem,

381 517 520 569 Cum
545 532 736 570 muros
761 531 1053 583 arcemque
1077 514 1271 582 procul
1298 531 1361 567 ac
1387 529 1512 566 rara
1538 512 1829 565 domorum

378 603 548 656 Tecta
572 602 777 670 vident,
806 618 944 670 quae
969 618 1116 654 nunc
1144 601 1394 654 Romana
1421 599 1670 668 potentia
1695 599 1847 653 caelo

378 688 658 758 Aequavit
679 708 692 756 3
737 696 855 742 tum
876 706 963 742 res
986 689 1181 757 inopes
1207 687 1498 741 Euandrus
1524 686 1780 740 habebat.
2315 691 2414 740 100

380 776 549 829 Ocius
573 776 871 832 advertunt
895 791 1106 843 proraS,
1138 775 1371 842 urbique
1398 773 1790 841 propinquant.

449 862 616 916 Forte
642 862 731 916 die
756 861 1075 915 sollemnem
1100 860 1198 914 illo
1225 877 1323 913 rex
1349 860 1527 912 Arcas
1552 858 1819 912 honorem

384 948 912 1017 Amphitryoniadae
936 964 1138 1015 magno
1167 946 1418 1015 divisque
1442 946 1661 999 ferebat

379 1036 531 1088 Ante
556 1037 750 1089 urbem
773 1036 831 1088 in
855 1035 1000 1088 luco,
1076 1034 1262 1087 Pallas
1287 1033 1418 1086 huic
1443 1031 1587 1085 filius
1611 1048 1735 1100 una,

381 1121 504 1175 Una
529 1138 719 1175 omnes
742 1122 1001 1175 iuvenum
1026 1120 1190 1188 primi
1222 1134 1539 1187 pauperque
1563 1123 1783 1172 senatus
2313 1124 2412 1175 105

379 1208 526 1261 Tura
547 1208 769 1274 dabant,
801 1207 1124 1275 tepidusque
1154 1222 1317 1259 cruor
1346 1205 1597 1258 fumabat
1624 1205 1690 1258 ad
1720 1222 1860 1259 aras,

381 1294 457 1347 Ut
481 1294 653 1347 celsas
677 1294 864 1347 videre
889 1299 1050 1360 rates,
1082 1297 1245 1361 atque
1270 1292 1417 1344 inter
1442 1307 1675 1359 opacum

381 1380 583 1433 Adlabi
606 1395 813 1447 nemus,
845 1383 901 1432 et
927 1379 1112 1432 tacitis
1139 1378 1457 1432 incumbere
1485 1377 1665 1445 remis,

379 1465 678 1520 Terrentur
703 1466 825 1519 visu
851 1466 1048 1534 subit0‚
1074 1466 1365 1533 cunctique
1392 1463 1597 1517 relictis

380 1553 735 1621 Consurgunt
757 1554 976 1607 mensis,
1053 1552 1253 1606 Audax
1280 1568 1417 1621 quos
1442 1561 1698 1619 rumpere
1723 1550 1907 1605 Pallas
2311 1557 2411 1607 110

380 1639 546 1693 Sacra
571 1644 738 1708 vetat,
767 1645 1036 1708 raptoque
1063 1639 1212 1692 volat
1236 1639 1349 1692 telo
1380 1639 1576 1691 obvius
1600 1638 1739 1707 ipse‚

378 1726 451 1779 Et
475 1727 668 1794 procul
692 1743 722 1780 e
747 1727 963 1780 tumulo
992 1729 1025 1755 ‘⁴
1042 1727 1288 1794 Iuvenes,
1320 1742 1459 1794 quae
1483 1741 1646 1779 causa
1671 1724 1886 1792 subegit

378 1813 605 1881 Ignotas
629 1819 902 1883 temptare
928 1814 1077 1867 vias?
1117 1831 1225 1883 quo
1250 1813 1514 1866 tenditis?
1532 1812 1564 1839 ’'
1591 1811 1785 1880 inquit.

381 1902 414 1928 ‘⁶
432 1900 537 1965 Qui
566 1901 771 1968 genus?
807 1901 958 1954 unde
983 1900 1188 1954 domo?
1228 1917 1489 1969 pacemne
1515 1901 1624 1954 huc
1650 1901 1822 1968 fertis),
1855 1917 1923 1956 an
1951 1904 2140 1957 arma?
2159 1903 2193 1931 ''

379 1987 515 2039 Tum
540 1994 701 2056 pater
724 1987 944 2041 Aeneas
969 1989 1138 2056 puppi
1165 1988 1244 2041 sic
1268 1989 1420 2041 fatur
1446 1989 1515 2041 ab
1541 1987 1667 2054 alta,
2309 1992 2408 2043 115

381 2073 774 2142 Paciferaeque
797 2090 964 2126 manu
990 2089 1202 2126 ramum
1228 2074 1545 2141 praetendit
1573 2074 1782 2128 olivae:

383 2159 770 2226 “Troiugenas
795 2176 858 2212 ac
883 2159 995 2212 tela
1021 2160 1170 2212 vides
1196 2159 1417 2213 inimica.
1442 2161 1666 2230 Latinis,

381 2246 532 2310 Quos
554 2246 635 2298 illi
661 2245 804 2299 bello
830 2245 1091 2313 profugos
1116 2261 1274 2313 egere
1312 2248 1564 2314 superbo,

376 2332 696 2386 Euandrum
721 2332 975 2401 petimus·
1049 2331 1215 2385 Ferte
1237 2332 1388 2401 haec,
1418 2334 1678 2404 etdicite,
1706 2338 1880 2393 lectos

377 2418 688 2472 Dardaniae
714 2419 923 2472 venisse
948 2418 1128 2486 duceS,
1158 2419 1305 2473 socia
1330 2437 1483 2475 arma
1507 2425 1805 2491 roganti8.'’
2306 2429 2409 2482 120

379 2505 660 2573 Obstipuit
684 2509 840 2559 tanto
864 2522 1153 2574 percussus
1175 2507 1401 2561 nomine
1425 2508 1632 2564 Pallas:

382 2595 416 2619 “
436 2591 713 2658 Egredere
737 2608 771 2646 o
795 2593 1121 2661 quicumque
1146 2610 1204 2646 es
1219 2593 1251 2621 ''
1278 2595 1357 2647 ait
1387 2596 1422 2623 “
1439 2612 1734 2665 coramque
1758 2603 2042 2665 parentem

356 2668 709 2748 'Adloquere,
738 2695 801 2732 ac
827 2678 1027 2733 nostris
1051 2680 1280 2734 succede
1305 2683 1598 2750 penatibus
1620 2683 1876 2753 hospe3.’'

376 2766 718 2834 Excepitque
742 2781 924 2834 manu,
954 2766 1311 2835 dextramque
1342 2769 1626 2837 amplexus
1653 2770 1907 2824 inhaesit.

377 2852 659 2920 Progressi
686 2853 920 2906 subeunt
944 2852 1085 2920 luco,
1117 2853 1457 2922 fluviumque
1482 2855 1817 2925 relinquunt.
2190 2859 2197 2864 ’
2307 2861 2404 2912 125

449 2938 587 2992 Tum
612 2955 797 3006 regem
822 2939 1040 2993 Aeneas
1065 2939 1227 2993 dictis
1252 2941 1473 2995 adfatur
1497 2944 1717 2997 amicis:

382 3026 416 3054 ‘⁴
433 3024 654 3093 Optime
680 3024 1068 3093 Graiugenum,
1098 3026 1184 3080 cui
1210 3043 1299 3081 me
1323 3028 1572 3082 Fortuna
1595 3030 1809 3097 precari

377 3112 451 3166 Et
474 3114 615 3166 vitta
638 3116 886 3180 comptos
913 3113 1089 3167 voluit
1116 3115 1476 3182 praetendere
1500 3132 1699 3183 ram03‚

379 3198 507 3252 Non
534 3199 787 3268 equidem
813 3200 1061 3267 extimui,
1092 3198 1347 3253 Danaum
1376 3200 1522 3269 quod
1548 3200 1747 3254 ductor
1772 3206 1829 3256 et
1854 3202 2045 3272 Arcas»,

380 3284 648 3354 Quodque
672 3286 740 3340 ab
766 3286 938 3354 stirpe
961 3286 1113 3339 fores
1135 3287 1369 3353 geminis
1392 3287 1717 3340 coniunctus
1742 3288 1985 3358 Atridis;
2304 3292 2404 3343 130

380 3370 485 3424 Sed
512 3389 636 3426 mea
658 3389 745 3426 me
770 3372 947 3427 virtus
972 3379 1028 3425 et
1054 3376 1244 3425 sancta
1267 3372 1491 3425 oracula
1514 3372 1717 3442 divom,

380 3456 720 3527 Cognatique
742 3462 942 3526 patres,
971 3463 1068 3511 tua
1091 3458 1253 3510 terris
1271 3457 1447 3511 didita
1470 3458 1630 3527 fama,

382 3542 728 3597 Coniunxere
751 3543 870 3612 tibi,
900 3550 955 3597 et
980 3543 1107 3597 fatis
1131 3559 1293 3610 egere
1321 3543 1613 3597 volentem.
