2725 3917
935 248 1211 298 VERGILI
1255 248 1586 299 AENEIDOS
1630 248 1697 299 ΙΙ.

297 410 513 466 Incidit.
589 411 696 465 Ast
720 410 816 466 alii
840 411 1092 479 subeunt,
1120 427 1223 464 nec
1246 426 1397 478 saxa,
1422 427 1526 463 nec
1548 411 1723 464 ullum

296 497 555 552 Telorum
578 497 792 551 interea
815 502 995 551 cessat
1016 513 1204 565 genus.
1266 531 1269 536 ·

366 582 722 638 Vestibulum
746 589 873 637 ante
896 584 1076 651 ipsum
1098 583 1396 652 primoque
1417 584 1475 636 in
1499 583 1691 639 limine
1716 584 1964 652 Pyrrhus

295 670 569 739 Exsultat,
596 670 724 724 telis
747 675 804 724 et
826 669 947 724 luce
971 685 1237 723 coruscus
1256 677 1430 725 aena:
2233 668 2338 727 470

300 757 489 822 Qualis
513 758 608 812 ubi
631 758 694 811 in
717 757 897 811 lucem
921 757 1147 811 coluber
1168 757 1317 811 mala
1337 758 1589 825 gramina
1611 763 1819 826 pastus,

297 844 521 913 Frigida
544 844 646 898 sub
671 849 823 898 terra
844 844 1119 897 tumidum
1143 860 1307 913 quem
1334 845 1532 898 bruma
1555 845 1795 912 tegebat,

298 930 476 999 Nunc,
503 931 702 1000 positis
724 947 905 985 novus
926 931 1141 984 exuviis
1162 931 1484 999 nitidusque
1505 930 1746 998 iuventa,

299 1016 534 1072 Lubrica
559 1016 843 1072 convolvit
866 1017 1085 1071 sublato
1104 1023 1328 1087 pectore
1350 1022 1511 1085 terga

298 1104 528 1159 Arduus
553 1104 626 1159 ad
650 1105 841 1174 solem,
869 1109 926 1157 et
949 1104 1152 1172 linguis
1174 1105 1345 1158 micat
1371 1120 1469 1158 ore
1492 1103 1750 1160 trisulcis,
1812 1113 1826 1188 ff
2234 1104 2339 1160 475

300 1190 424 1245 Una
445 1191 641 1260 ingens
663 1191 932 1260 Periphas
957 1196 1014 1246 et
1039 1207 1306 1260 equorum
1332 1191 1573 1260 agitator
1597 1190 1849 1260 Achillis,

300 1279 560 1348 Armiger
583 1278 956 1346 Automedon,
985 1294 1099 1331 uua
1121 1278 1305 1332 omnis
1326 1277 1521 1344 Scyria
1543 1278 1720 1346 pubes

302 1365 613 1419 Succedunt
636 1369 806 1434 tecto,
834 1370 891 1419 et
913 1365 1163 1419 flammas
1188 1364 1259 1419 ad
1283 1365 1526 1419 culmina
1548 1364 1772 1418 iactant.

300 1451 425 1521 Ipse
448 1452 595 1506 inter
615 1454 828 1521 primos
851 1458 1106 1521 correpta
1129 1451 1268 1505 dura
1289 1451 1515 1520 bipenni

302 1538 518 1594 Limina
541 1540 868 1609 perrumpit,
894 1541 1181 1608 postisque
1204 1555 1238 1591 a
1261 1538 1486 1591 cardine
1509 1538 1672 1592 vellit
2233 1544 2340 1594 480

303 1625 567 1694 Aeratos3
606 1626 827 1695 iamque
852 1627 1037 1680 excisa
1057 1625 1217 1679 trabe
1240 1623 1403 1678 firma
1425 1626 1642 1679 cavavit

302 1713 542 1782 Robora,
569 1717 626 1767 et
650 1713 931 1781 ingentem
956 1712 1073 1766 lato
1098 1711 1253 1765 dedit
1279 1728 1377 1765 ore
1401 1711 1719 1769 fenestram.

301 1800 552 1870 Apparet
575 1801 773 1854 domus
795 1801 962 1868 intus,
990 1805 1049 1853 et
1072 1799 1212 1853 atria
1235 1799 1403 1867 longa
1421 1804 1741 1868 patescunt3

301 1886 593 1955 Apparent
616 1886 826 1940 Priami
851 1891 908 1940 et
934 1891 1181 1940 veterum
1204 1886 1510 1954 penetralia
1532 1901 1739 1954 regum,

302 1971 677 2041 Armatosque
698 1971 893 2026 vident
917 1972 1113 2026 stantis
1136 1971 1197 2024 in
1221 1970 1413 2024 limine
1439 1971 1631 2039 primo.
2233 1976 2338 2028 485

369 2057 455 2112 At
478 2058 674 2113 domus
696 2059 930 2113 interior
953 2059 1160 2127 gemitu
1183 2058 1494 2126 miseroque
1519 2058 1760 2112 tumultu

302 2146 578 2218 Miscetur,
606 2150 931 2218 penitusque
956 2163 1122 2202 cavae
1144 2146 1505 2215 plangoribus
1527 2146 1691 2200 aedes

301 2234 576 2290 Femineis
598 2234 844 2302 ululant3
885 2235 1020 2288 ferit
1047 2250 1215 2288 aurea
1236 2233 1417 2287 sidera
1440 2232 1664 2288 clamor.

303 2321 438 2375 Tum
463 2322 697 2391 pavidae
720 2322 887 2375 tectis
907 2326 1114 2376 matres
1136 2320 1455 2390 ingentibus
1476 2326 1680 2390 errant,

301 2409 713 2478 Amplexaeque
740 2414 934 2463 tenent
957 2411 1132 2479 postis
1157 2416 1322 2479 atque
1347 2409 1536 2463 oscula
1557 2408 1753 2477 figunt.
2234 2412 2339 2464 490

299 2495 479 2550 Instat
503 2498 561 2550 vi
585 2497 769 2566 patria
792 2497 1068 2566 Pyrrhus3
1110 2513 1213 2551 nec
1238 2496 1491 2565 claustra,
1521 2512 1698 2565 neque
1721 2496 1828 2566 ipsi

301 2582 571 2638 Custodes
596 2584 825 2638 sufferre
849 2583 1069 2652 valent3
1109 2584 1261 2639 labat
1286 2586 1459 2639 ariete
1484 2585 1679 2638 crebro
1755 2624 1760 2629 .

298 2667 484 2739 Ianua,
515 2676 573 2725 et
597 2671 769 2725 emoti
791 2673 1161 2741 procumbunt
1186 2673 1409 2727 cardine
1430 2678 1631 2742 postes.

297 2756 387 2812 Fit
411 2758 503 2813 via
526 2759 617 2825 νίς
656 2764 924 2827 rumpunt
948 2759 1144 2826 aditus,
1171 2761 1489 2829 primosque
1512 2760 1795 2814 trucidant

298 2842 537 2899 Immissi
560 2844 757 2912 Danai,
786 2850 844 2899 et
865 2844 977 2899 late
999 2846 1123 2899 loca
1147 2847 1324 2900 milite
1349 2847 1647 2916 complent.
2231 2851 2337 2904 495

298 2930 427 2987 Non
453 2934 546 3002 sic,
574 2933 867 3002 aggeribus
889 2935 1069 3003 ruptis
1093 2951 1219 2988 oum
1242 2951 1503 3003 spumeus
1528 2936 1705 2989 amnis

297 3018 450 3074 Exiit
475 3021 869 3091 oppositasque
893 3021 1060 3075 evicit
1083 3022 1299 3090 gurgite
1320 3022 1511 3092 moleS‚

297 3104 495 3161 Fertur
519 3108 580 3161 in
605 3124 744 3161 arva
762 3107 953 3162 furens
978 3108 1214 3178 cumu10,
1244 3125 1575 3179 camposque
1599 3127 1699 3179 per
1722 3111 1903 3165 omnis

300 3193 439 3248 Oum
460 3194 698 3250 stabulis
723 3200 974 3250 armenta
997 3196 1185 3250 trahit.
1262 3196 1400 3250 Vidi
1423 3197 1542 3264 ipse
1566 3196 1841 3252 furentem

300 3279 480 3337 Caede
503 3281 942 3351 Neoptolemum
965 3284 1322 3353 geminosque
1345 3284 1406 3336 in
1429 3283 1619 3337 limine
1644 3285 1898 3352 Atridas3
2234 3284 2339 3338 500

298 3365 433 3423 Vidi
456 3369 750 3424 Hecubam
775 3374 1107 3439 centumque
1130 3387 1317 3438 nuruS,
1348 3371 1741 3440 Priamumque
1763 3388 1864 3441 per
1887 3386 2013 3425 aras

298 3453 577 3528 Qus
601 3456 940 3521 foedantem,
971 3474 1107 3526 quos
1130 3457 1249 3526 ipse
1275 3462 1602 3525 sacraverat,
1632 3458 1791 3526 ignis.

292 3537 712 3632 mm
736 3542 816 3597 illi
839 3542 1084 3613 thalami,
1114 3560 1239 3613 spes
1262 3548 1418 3599 tanta
1442 3547 1723 3612 nepotum,
