2725 3917
741 267 1018 318 VERGILI
1063 266 1394 317 AENEIDOS
1438 267 1527 317 VI.

192 433 399 497 Quantus
420 430 479 485 ad
500 429 802 485 aetherium
828 429 965 483 caeli
991 433 1278 498 suspectus
1302 428 1625 498 Olympum.
1740 450 1789 561 l

190 520 273 573 Hic
291 535 440 588 genus
460 518 734 587 antiquum
756 517 972 586 Terrae,
1001 516 1220 570 Titania
1244 517 1435 585 pubes,

190 606 395 659 Fulmiue
416 604 598 658 deiecti
623 604 796 658 fundo
818 604 1121 657 volvuntur
1143 604 1199 655 in
1227 603 1356 658 imo·

190 693 270 747 Hic
286 698 337 746 et
357 690 562 745 Aloidas
584 691 832 759 geminos
854 690 1122 744 immania
1143 689 1257 743 vidi

188 781 402 848 Jorpora,
428 779 512 848 qui
531 778 785 832 manibus
807 793 1068 846 magnum
1092 776 1407 831 rescindere
1432 778 1645 833 caelum

189 866 414 935 aggressi,
439 866 748 935 superisque
773 864 961 918 Iovem
986 863 1280 916 detrudere
1305 864 1503 932 regnis.

188 953 283 1006 »fidi
307 957 357 1006 et
378 950 597 1005 crudelis
621 951 847 1006 dantem
872 949 1164 1003 Salmonea
1188 966 1412 1018 poenas,

186 1041 296 1093 )um
317 1039 543 1094 flammas
566 1038 715 1092 Iovis
739 1042 798 1091 et
821 1037 1034 1091 sonitus
1057 1037 1309 1090 imitatur
1336 1037 1580 1107 Olympi.

186 1128 410 1192 zuattuor
431 1126 517 1180 hic
539 1125 793 1179 invectus
817 1124 973 1193 equis
997 1129 1055 1177 et
1077 1124 1332 1192 lampada
1356 1142 1621 1194 quassans

186 1215 258 1266 ’er
279 1213 486 1267 Graium
510 1211 743 1280 populos
765 1210 1087 1279 mediaeque
1111 1227 1211 1279 per
1237 1210 1414 1264 Elidis
1440 1212 1631 1266 urbem

186 1300 268 1354 bat
292 1316 463 1368 ovans,
491 1298 784 1367 divomque
809 1297 911 1351 sibi
936 1298 1198 1366 poscebat
1234 1298 1519 1368 honorem,

184 1388 403 1441 ›emensl
443 1386 532 1454 qui
555 1386 774 1439 nimbos
798 1390 857 1439 et
880 1401 995 1437 non
1021 1384 1290 1438 imitabile
1315 1385 1523 1439 fulmen

184 1492 287 1532 kere
310 1479 363 1528 et
385 1474 733 1543 cornipedum
759 1474 921 1542 pulsu
947 1472 1230 1526 simularet
1253 1488 1538 1540 equorum.

184 1571 221 1619 Lt
243 1568 395 1635 pater
417 1562 763 1631 omnipotens
786 1560 956 1615 densa
981 1560 1132 1613 inter
1152 1559 1345 1614 nubila
1369 1561 1541 1614 telum

182 1655 429 1723 'ontorsit‚
457 1671 565 1707 non
590 1653 685 1707 ille
710 1654 859 1708 faces
882 1670 986 1708 nec
1013 1654 1199 1708 fumea
1222 1654 1399 1709 taedis
1620 1641 1642 1738 Ι

185 1743 377 1809 umina,
404 1741 867 1810 praecipitemque
891 1742 1116 1794 immani
1142 1743 1363 1795 turbine
1389 1742 1588 1811 adegit.

182 1829 251 1882 'ec
274 1844 384 1881 non
410 1833 465 1881 et
487 1826 706 1893 Tityon,
736 1826 935 1881 Terrae
959 1828 1359 1896 omniparentis
1396 1829 1694 1896 alumnum,

182 1931 368 1969 eruere
393 1918 525 1982 erat,
554 1930 654 1982 per
678 1920 798 1967 tota
820 1930 1021 1968 novem
1048 1915 1137 1968 cui
1163 1915 1353 1984 iugera
1378 1932 1575 1985 corpus

180 2005 450 2075 orl-igitur,
477 2009 768 2075 rostroque
792 2007 1049 2060 immanis
1071 2005 1259 2059 vultur
1284 2006 1505 2059 obunco

180 2093 443 2147 nmortale
467 2094 618 2146 iecur
642 2094 880 2147 tondens
908 2093 1250 2161 fecundaque
1276 2094 1468 2161 poenis

182 2186 357 2240 iscera
379 2185 721 2254 rimaturque
747 2185 924 2254 epulis
947 2185 1268 2252 habitatque
1295 2184 1396 2236 sub
1423 2183 1535 2236 alto

180 2278 372 2340 zetore,
401 2289 507 2326 nec
530 2272 687 2326 fibris
711 2273 926 2342 requies
955 2272 1119 2326 datur
1142 2271 1255 2325 ulla
1278 2271 1500 2324 renatis,

181 2363 264 2416 aid
290 2380 599 2418 memorem
626 2364 907 2433 Lapithas,
936 2362 1130 2416 Ixiona
1152 2363 1616 2432 Pirithoumque?

181 2468 269 2504 ios
294 2468 467 2520 super
495 2457 617 2505 atra
641 2451 779 2505 silex
806 2450 1039 2505 iamiam
1068 2450 1289 2519 lapsura
1314 2450 1640 2520 cadentique

180 2539 378 2593 lminet
404 2540 700 2608 adsimilis;
741 2540 929 2593 lucent
959 2536 1261 2607 genialibus
1286 2538 1412 2591 altis

180 2646 303 2684 1rea
325 2629 518 2684 fulcra
540 2630 694 2698 toris,
726 2629 1028 2699 epulaeque
1054 2631 1180 2681 ante
1206 2643 1304 2681 ora
1327 2631 1554 2695 paratae

180 2716 363 2785 egifico
388 2715 563 2784 luxu;
603 2716 891 2771 Furiarum
918 2717 1158 2770 maxima
1181 2715 1336 2769 iuxta

180 2804 389 2872 nubat,
421 2807 482 2857 et
507 2804 766 2857 manibus
789 2802 1049 2872 prohibet
1074 2804 1395 2873 contingere
1418 2819 1651 2871 mensaS‚

185 2895 496 2963 surgitque
520 2893 700 2947 facem
729 2894 1004 2959 att-onena,
1033 2898 1197 2963 atque
1222 2894 1441 2946 intonat
1468 2909 1580 2946 ore.

180 2999 217 3049 3,
254 2979 474 3049 quibus
498 2980 665 3060 inu-visi
688 2980 901 3046 fratreS‚
932 2980 1060 3034 dum
1087 2981 1202 3033 vita
1223 2980 1500 3045 manebat,

180 3059 446 3122 lsatu‘sve
472 3083 690 3135 parens,
720 3067 777 3121 et
801 3067 955 3122 fraus
978 3068 1182 3120 innexa
1208 3065 1395 3120 clienti
1417 3084 1429 3132 3

184 3161 209 3208 t
236 3156 341 3223 qui
371 3153 596 3207 divitiis
620 3153 723 3206 soli
744 3154 1041 3207 incubuere
1067 3154 1313 3222 repertiS‚

180 3260 204 3294 o
232 3245 480 3310 partem
506 3257 743 3307 posuere
770 3241 895 3307 suis,
929 3257 1032 3309 qua
1058 3241 1300 3294 maxima
1326 3240 1489 3293 turba
1513 3244 1625 3305 est3

179 3330 318 3397 ique
348 3328 433 3381 ob
464 3327 799 3381 adulterium
827 3328 984 3395 caesi,
1015 3328 1213 3396 quique
1240 3343 1395 3380 arma
1426 3326 1597 3380 secuti

181 3416 272 3470 fia
293 3431 417 3469 nec
445 3414 619 3468 veriti
645 3413 992 3469 dominorum
1019 3414 1211 3468 fallere
1240 3413 1479 3478 dextras,

180 3503 296 3558 lusi
326 3490 590 3573 poena-m
619 3505 956 3571 exspectant.
1033 3500 1120 3554 Ne
1147 3517 1348 3568 quaere
1376 3498 1578 3565 doceri,

180 3607 266 3644 tm
289 3604 583 3660 poenam,
612 3593 707 3642 aut
734 3605 871 3657 quae
897 3588 1076 3642 forma
1105 3588 1250 3640 viros
1277 3587 1570 3640 fortunave
1595 3583 1803 3637 mersit.

2050 521 2158 572 580

2052 956 2156 1006 585

2050 1391 2158 1441 590

2053 1830 2158 1880 595

2056 2273 2162 2322 600

2056 2716 2161 2767 605

2060 3153 2166 3201 610

2058 3582 2162 3634 615
