2725 3917
867 257 1142 309 VERGILI
1185 257 1515 307 AENEIDOS
1559 257 1675 307 VII.

263 421 460 476 Cisseis
483 437 790 490 praegnans
813 420 959 488 ignis
983 420 1146 473 enixa
1169 419 1392 487 iugalis3

263 509 407 573 Quin
430 508 579 561 idem
604 507 815 563 Veneri
839 512 1030 575 partus
1054 521 1185 558 suus
1209 511 1265 558 et
1291 506 1450 558 Paris
1474 505 1629 573 alter,

261 595 640 664 Funestaeque
662 595 862 647 iterum
889 593 1133 647 recidiva
1155 593 1214 645 in
1239 592 1510 661 Pergama
1532 592 1779 646 taedae.’‘

328 680 481 734 Haec
505 680 601 734 ubi
625 679 772 733 dicta
796 679 962 748 dedit,
991 684 1169 732 terras
1192 678 1470 732 horrenda
1491 680 1718 747 petivit:

261 766 579 820 Luctificam
605 766 827 820 Allecto
854 765 1100 819 dirarum
1126 764 1194 819 ab
1217 765 1349 818 sede
1373 765 1600 819 dearum

235 914 248 926 ⁸
262 853 604 921 Infernisque
630 853 739 906 ciet
762 853 1020 919 tenebriS,
1051 853 1139 906 cui
1162 852 1343 906 tristia
1364 851 1511 905 bella

262 939 488 1008 Iraeque
511 938 851 1007 insidiaeque
877 943 933 992 et
958 939 1190 992 crimina
1212 939 1380 992 noxia
1403 939 1573 992 cordi.

263 1026 396 1079 Odit
419 1029 476 1079 et
500 1026 619 1093 ipse
643 1030 803 1093 pater
828 1024 1051 1092 Pluton,
1081 1024 1248 1078 odere
1271 1041 1491 1079 sorores

262 1111 555 1166 Tartareae
580 1116 921 1164 monstrum:
962 1116 1050 1164 tot
1069 1128 1188 1165 sese
1212 1112 1382 1165 vertit
1402 1112 1463 1165 in
1488 1129 1600 1180 ora,

266 1200 399 1253 Tam
424 1215 622 1253 saevae
646 1198 831 1266 facies,
862 1202 948 1252 tot
971 1198 1209 1267 pullulat
1234 1205 1355 1252 atra
1379 1198 1633 1252 colubris.

264 1286 440 1351 Quam
465 1284 606 1338 Iuno
630 1284 717 1338 his
740 1285 887 1338 acuit
911 1284 1109 1353 verbis,
1138 1302 1202 1338 ac
1228 1284 1361 1338 talia
1383 1286 1564 1338 fatur:

266 1374 298 1401 “
318 1372 481 1425 Hunc
507 1371 643 1424 mihi
673 1371 745 1425 da
769 1372 1069 1439 proprium,
1102 1371 1256 1439 virgo
1279 1376 1402 1424 sata
1427 1370 1620 1440 Nocte,
1647 1371 1909 1442 laborem,

260 1458 417 1511 Hanc
442 1474 681 1527 operam,
709 1474 780 1511 ne
804 1462 993 1511 noster
1017 1458 1194 1510 honos
1217 1458 1527 1512 infractave
1551 1459 1713 1512 cedat

258 1546 429 1599 Fama
452 1545 593 1612 loce,
623 1561 731 1598 neu
757 1545 1009 1598 conubiis
1035 1545 1244 1599 ambire
1269 1543 1527 1598 Latinum

260 1632 555 1687 Aeneadae
580 1633 810 1701 possint,
838 1631 1079 1686 Italosve
1103 1633 1355 1686 obsidere
1388 1632 1528 1687 finis.

261 1720 343 1773 Tu
368 1725 529 1788 potes
553 1719 846 1772 unanimos
870 1736 1082 1773 armare
1105 1719 1165 1773 in
1191 1719 1401 1788 proelia
1423 1721 1623 1774 fratres

260 1808 450 1876 Atque
474 1807 617 1860 odiis
641 1823 864 1860 versare
890 1807 1099 1874 domos,
1125 1812 1188 1860 tu
1214 1807 1446 1860 verbera
1469 1807 1632 1860 tectis

260 1895 646 1963 Funereasque
670 1894 875 1947 inferre
898 1893 1059 1961 faceS,
1088 1894 1192 1947 tibi
1217 1894 1446 1946 nomina
1469 1893 1634 1962 mille,

257 1981 410 2034 Mille
432 1980 672 2035 nocendi
697 1985 859 2034 artes.
933 1980 1252 2035 Fecundum
1280 1984 1514 2034 concute
1538 1985 1744 2048 pectuS,

255 2068 442 2123 Disice
466 2069 826 2138 compositam
850 2084 1057 2136 pacem,
1086 2085 1208 2122 sere
1232 2067 1465 2121 crimina
1488 2066 1648 2134 belli3

257 2156 436 2211 Arma
460 2156 596 2210 velit
621 2160 922 2224 poscatque
948 2155 1112 2208 simul
1138 2156 1424 2224 rapiatque
1449 2153 1759 2208 iuventuS.”

328 2244 475 2297 Exin
503 2244 811 2312 Gorgoneis
836 2243 1053 2296 Allecto
1076 2243 1282 2296 infecta
1305 2243 1536 2296 venenis

254 2330 538 2399 Principio
561 2330 782 2384 Latium
809 2334 867 2383 et
889 2328 1180 2383 Laurentis
1204 2333 1353 2382 tecta
1370 2329 1600 2396 tyranni

257 2418 420 2472 Celsa
441 2419 599 2487 petit,
629 2419 969 2487 tacitumque
996 2418 1213 2471 obsedit
1235 2417 1406 2470 limen
1433 2417 1682 2486 Amatae,

258 2504 438 2569 Quam
463 2522 626 2574 super
651 2506 892 2559 adventu
918 2505 1186 2575 Teucrum
1212 2503 1490 2573 Turnique
1514 2504 1832 2571 hymenaeis

255 2592 551 2646 Femineae
575 2592 860 2646 ardentem
888 2608 1158 2659 curaeque
1176 2592 1400 2659 iraeque
1437 2591 1759 2659 coquebant.

256 2680 403 2735 Huic
428 2681 534 2735 dea
558 2680 821 2737 caeruleis
846 2697 1015 2734 unum
1042 2681 1111 2734 de
1137 2681 1380 2734 crinibus
1404 2696 1637 2747 anguem

256 2766 477 2821 Conicit
499 2768 668 2835 inque
693 2766 870 2819 sinum
898 2766 1221 2835 praecordia
1246 2768 1314 2821 ad
1337 2768 1532 2821 intima
1557 2766 1758 2833 subdit,

258 2855 381 2919 Quo
405 2853 709 2907 furibunda
732 2853 956 2906 domum
983 2860 1231 2909 monstro
1254 2856 1584 2924 permisceat
1608 2871 1841 2909 onmem.

253 2941 372 3012 Ille,
399 2943 551 2995 inter
575 2946 755 2996 vestes
781 2947 837 2996 et
860 2943 1005 2998 levia
1030 2949 1256 3012 pectora
1274 2943 1471 3012 lapsus,

255 3027 523 3083 Volvitur
547 3033 760 3083 attactu
784 3029 953 3095 nulle,
982 3030 1229 3099 fallitque
1253 3030 1552 3096 furentem,

252 3114 557 3184 Vipeream
583 3115 859 3184 inspirans
884 3117 1146 3183 animam3
1186 3115 1251 3169 fit
1275 3117 1461 3169 tortile
1486 3116 1629 3170 collo
1734 3179 1737 3184 ‚

250 3200 471 3254 Aurum
497 3203 696 3269 ingens
720 3202 960 3269 coluber,
987 3203 1052 3255 fit
1074 3203 1272 3270 longae
1296 3202 1479 3256 taenia
1502 3202 1688 3271 vittae,

246 3286 608 3357 Innectitque
633 3305 834 3354 comae,
864 3298 921 3342 et
945 3289 1206 3343 membris
1227 3289 1469 3343 lubricus
1493 3295 1657 3344 errat.

247 3373 342 3427 Ac
365 3374 495 3427 dum
522 3376 707 3444 prima
729 3375 848 3428 lues
872 3375 983 3428 udo
1008 3376 1264 3444 sublapsa
1287 3393 1500 3429 veneno

241 3460 603 3530 Pertemptat
628 3478 821 3514 sensus
846 3466 1008 3530 atque
1034 3462 1248 3515 ossibus
1272 3463 1520 3530 implicat
1544 3463 1745 3531 ignem,

238 3545 509 3602 Necdum
535 3547 752 3602 animus
775 3552 898 3602 toto
923 3549 1171 3618 percepit
1195 3553 1421 3616 pectore
1446 3548 1738 3616 flammam,

2183 423 2287 473 320

2181 857 2286 908 325

2181 1292 2286 1342 330

2183 1725 2286 1775 335

2183 2158 2288 2208 340

2188 3029 2292 3081 350

2189 3463 2291 3514 355
