2725 3917
951 235 1228 285 VERGILI
1275 236 1605 285 AENEIDOS
1650 236 1711 285 V.

316 398 580 467 Epytides
603 398 769 466 longe
794 397 949 451 dedit
973 397 1327 466 insonuitque
1351 396 1586 465 flagello·

317 486 426 539 Olli
451 487 757 540 discurrere
780 501 956 554 pareS,
986 489 1153 553 atque
1178 484 1398 553 agmina
1421 486 1571 538 terni
2245 487 2351 541 580

315 573 570 627 Diductis
593 572 809 626 solvere
834 571 1031 639 choris,
1060 587 1357 640 rursusque
1377 572 1563 625 vocati

317 660 654 714 Convertere
678 659 796 712 vias
817 658 1127 727 infestaque
1149 658 1263 711 tela
1284 657 1480 712 tulere.

315 746 450 800 Inde
474 746 611 800 alios
637 746 834 799 ineunt
858 761 1049 799 cursus
1072 745 1317 814 aliosque
1340 761 1596 810 recursus

316 833 551 886 Adversi
576 832 784 900 spatiis,
815 832 1165 901 alternosque
1192 831 1418 885 orbibus
1443 833 1594 885 orbis

314 919 646 989 Impediunt,
676 934 1001 987 pugnaeque
1026 919 1173 972 cient
1198 919 1489 972 simulacra
1513 919 1615 973 sub
1641 920 1840 988 armis3
2243 924 2348 976 585

312 1007 386 1061 Et
410 1023 559 1060 nunc
585 1011 741 1073 terga
763 1005 898 1073 fuga
920 1004 1151 1071 nudant,
1181 1021 1329 1059 nunc
1355 1006 1569 1074 spicula
1592 1011 1824 1061 vertunt

314 1093 543 1160 Infensi,
571 1093 718 1146 facta
740 1092 955 1161 pariter
979 1108 1128 1146 nunc
1151 1108 1287 1160 pace
1311 1093 1582 1148 feruntur.

314 1180 391 1234 Ut
414 1178 694 1249 quondam
721 1178 888 1232 Creta
914 1179 1092 1232 fertur
1115 1178 1491 1247 Labyrinthus
1514 1182 1570 1233 in
1598 1181 1712 1236 alta

314 1267 624 1320 Parietibus
647 1270 864 1319 textum
892 1266 1069 1319 caecis
1093 1265 1218 1331 iter,
1249 1267 1655 1337 ancipitemque
1755 1278 1763 1286 ‘

313 1353 463 1407 Mille
488 1353 594 1405 viis
618 1352 873 1405 babuisse
890 1352 1096 1421 dolum,
1125 1369 1233 1421 qua
1259 1353 1418 1422 signa
1442 1356 1704 1424 sequendi
2230 1359 2342 1411 590

311 1440 550 1495 Falleret
572 1438 937 1507 indeprensus
959 1444 1017 1493 et
1040 1440 1413 1494 inremeabilis
1437 1458 1625 1496 error:

311 1526 477 1581 Haud
501 1524 612 1579 alio
636 1524 904 1579 Teucrum
928 1526 1049 1579 nati
1073 1528 1308 1595 vestigia
1331 1543 1496 1580 cursu
1753 1582 1758 1586 ,

313 1612 646 1682 Impediunt,
674 1616 981 1681 texuntque
998 1613 1156 1681 fugas
1180 1620 1237 1667 et
1262 1615 1474 1682 proelia
1497 1614 1656 1685 lud03

311 1700 652 1771 Delphinum
681 1699 903 1768 similes,
933 1700 1024 1769 qui
1047 1716 1148 1769 per
1171 1702 1344 1754 maria
1369 1702 1553 1756 umida
1576 1704 1762 1759 nando

312 1790 675 1860 Carpathium
700 1790 1078 1859 Libycumque
1102 1794 1292 1843 secant
1320 1788 1645 1858 [luduntque
1668 1807 1770 1859 per
1795 1790 2008 1859 undasJ.
2237 1793 2345 1862 595

311 1877 476 1932 Hunc
496 1895 707 1932 morem
737 1894 927 1936 cursus
951 1883 1116 1947 atque
1142 1876 1283 1929 haec
1306 1876 1608 1929 certamina
1632 1877 1839 1944 primns

313 1965 598 2034 Ascanius,-
628 1965 876 2033 Longam
901 1965 1074 2018 muris
1098 1980 1225 2017 cum
1252 1963 1502 2031 cingeret
1528 1963 1745 2034 Albam,

310 2053 548 2108 Rettulit
577 2058 634 2106 et
657 2045 876 2107 P‘riscos
900 2054 1088 2108 docuit
1112 2042 1395 2108 celebr'are
1419 2054 1662 2121 Latinos,

310 2141 434 2206 Quo
456 2158 596 2211 puer
624 2141 743 2211 ipse
766 2141 949 2211 mod0,
977 2158 1165 2197 secum
1191 2159 1301 2210 quo
1328 2141 1494 2196 Troia
1515 2143 1721 2210 pubes3

309 2226 512 2282 Albani
539 2216 779 2283 docuere
805 2244 960 2296 suos3
1003 2228 1134 2282 hinc
1156 2229 1399 2282 maxima
1424 2245 1592 2297 porro
2239 2235 2347 2285 600

309 2314 545 2384 Accepit
569 2314 765 2385 Roma,
798 2320 857 2369 et
880 2315 1121 2383 patrium
1150 2316 1391 2369 servavit
1416 2316 1716 2380 honorem3

309 2399 575 2470 Troiaque
600 2417 750 2455 nunc
774 2402 947 2470 pueri,
979 2400 1278 2455 Troianum
1303 2402 1509 2456 dicitur
1534 2420 1744 2471 agmen.

309 2487 425 2541 Hac
451 2487 729 2542 celebrata
752 2479 917 2542 tenus
940 2493 1132 2542 sancto
1157 2490 1464 2543 certamina
1487 2491 1650 2559 patri.

375 2574 482 2630 Hic
507 2576 751 2644 primum
776 2575 1026 2630 Fortuna
1047 2576 1213 2630 fidem
1237 2582 1454 2630 mutata
1479 2577 1720 2630 novavit.
1929 2644 1940 2656 ·

308 2660 451 2715 Dum
478 2662 648 2716 variis
675 2663 889 2715 tumulo
916 2663 1166 2716 referunt
1191 2663 1483 2716 sollemnia
1516 2664 1672 2731 ludis,
2240 2667 2343 2718 605

308 2746 433 2801 Irim
461 2748 531 2802 de
556 2748 712 2803 caelo
735 2749 887 2801 misit
912 2748 1172 2803 Saturnia
1196 2748 1339 2803 Iuno

307 2834 531 2889 Iliacam
558 2835 630 2888 ad
656 2834 900 2903 classem,
931 2840 1237 2905 ventosque
1262 2837 1471 2905 aspirat
1495 2838 1663 2904 eunti,

307 2919 480 2975 Multa
502 2937 748 2988 movens,
776 2921 1012 2976 necdum
1040 2923 1327 2992 antiquum
1352 2928 1598 2977 saturata
1621 2922 1884 2976 dolorem.

308 3007 420 3074 Illa,
449 3009 599 3063 viam
630 3008 875 3062 celerans
899 3025 998 3077 per
1023 3010 1177 3063 mille
1204 3010 1483 3064 coloribus
1509 3027 1711 3077 arcum,

306 3093 455 3148 Nulli
482 3096 601 3150 visa
627 3096 739 3149 cito
765 3095 1009 3149 decurrit
1034 3098 1256 3151 tramite
1281 3098 1458 3165 virge.
2241 3102 2343 3151 610

215 3252 221 3259 ¹
305 3181 590 3251 Conspicit
612 3182 897 3250 ingentem
924 3200 1269 3248 concursum,
1300 3189 1357 3237 et
1382 3184 1548 3238 litora
1571 3184 1786 3252 lustrat,

303 3267 677 3338 Desertosque
702 3268 858 3323 videt
882 3275 1078 3337 portus
1102 3271 1441 3339 classemque
1467 3270 1733 3325 relictam.

302 3353 387 3409 At
405 3356 600 3425 procul
624 3358 687 3409 in
712 3356 830 3409 sola
853 3361 1096 3410 secretae
1121 3356 1365 3411 Troades
1389 3363 1513 3411 acta

301 3440 587 3497 Amissum
610 3441 901 3496 Anchisen
927 3441 1148 3511 flebant,
1178 3449 1517 3512 cunctaeque
1542 3443 1883 3513 profundum

298 3525 543 3586 Pontum
570 3529 935 3599 aspectabant
958 3528 1168 3583 flentes.
1243 3530 1369 3583 Heu
1394 3535 1483 3584 tot
1508 3529 1650 3584 vada
1673 3528 1838 3582 fessis
2239 3529 2341 3579 615
