2725 3917
952 246 1237 295 VERGILI
1285 246 1617 295 AENEIDOS
1665 246 1705 295 Ι.

960 359 1037 393 w,
1078 359 1113 386 1.
1140 365 1154 382 ,

309 405 475 474 Spem
502 404 658 459 voltu
683 404 918 473 simulat,
947 393 1148 475 ‘premit
1175 406 1349 460 altum
1376 406 1541 460 corde
1568 406 1835 460 dolorem.

307 491 397 545 Illi
422 509 481 545 se
506 492 744 561 praedae
771 494 1062 560 accingunt
1088 493 1428 561 dapibusque
1455 493 1690 547 futuris:
2249 495 2354 545 210

309 577 553 646 Tergora
578 578 861 647 deripiunt
887 579 1052 632 costis
1078 584 1135 633 et
1160 580 1374 632 viscera
1398 578 1646 646 nudant;

308 665 449 718 Pars
472 666 533 717 in
559 664 740 718 frusta
765 671 954 718 secant
982 665 1309 734 veribusque
1334 665 1633 718 trementia
1657 664 1834 733 figunt
1855 684 1870 732 ς

310 751 500 805 Litore
526 758 665 805 aena
689 751 876 804 locant
900 752 1006 817 alii,
1037 751 1394 819 flammasque
1418 752 1751 805 ministrant.

312 838 451 891 Tum
477 839 627 892 victu
654 843 918 891 revocant
946 839 1093 903 viriS,
1122 838 1342 906 fusique
1368 854 1468 905 per
1493 838 1720 891 herbam

313 925 621 992 Implentur
645 925 849 977 veteris
874 923 1079 977 Bacchi
1109 924 1434 992 pinguisque
1460 923 1684 977 ferinae.
2250 926 2353 978 215

312 1011 615 1079 Postquam
645 1015 900 1079 exempta
923 1011 1101 1064 fames
1128 1010 1305 1077 epulis
1327 1026 1656 1078 mensaeque
1683 1016 1946 1079 remotae,

316 1099 564 1151 Amissos
587 1097 757 1165 longo
783 1098 964 1151 socios
988 1113 1244 1151 sermone
1271 1098 1575 1165 requirunt,

317 1184 590 1253 Spemque
613 1189 933 1253 metumque
958 1184 1105 1238 inter
1130 1183 1301 1252 dubii,
1332 1200 1427 1236 seu
1455 1184 1642 1237 vivere
1669 1183 1912 1252 credant,

318 1271 441 1324 Sive
466 1277 718 1324 extrema
741 1272 857 1339 pati
883 1288 985 1325 nec
1013 1272 1123 1325 iam
1151 1270 1413 1324 exaudire
1440 1275 1679 1323 vocatos.

318 1358 618 1427 Praecipue
642 1359 768 1428 pius
792 1359 1012 1412 Aeneas
1036 1375 1184 1411 nunc
1209 1359 1350 1412 acris
1377 1357 1595 1424 Oronti,
2249 1359 2355 1410 220

319 1444 482 1499 Nunc
507 1446 712 1513 Amyci
738 1462 921 1499 casum
949 1446 1121 1513 gemit
1147 1450 1204 1498 et
1230 1443 1474 1498 crudelia
1501 1459 1685 1496 secum

318 1531 455 1584 Fata
476 1531 628 1599 Lyci,
657 1531 970 1599 fortemque
996 1532 1172 1599 Gyan,
1202 1531 1512 1597 fortemque
1543 1527 1896 1583 Cloanthum.

388 1618 461 1670 Et
483 1619 594 1671 iam
619 1617 747 1671 finis
772 1623 904 1686 erat,
935 1635 1057 1671 cum
1084 1617 1334 1685 Iuppiter
1361 1615 1584 1668 aethere
1611 1630 1828 1669 summo

322 1704 640 1773 Despiciens
663 1721 816 1758 mare
840 1704 1139 1758 velivolum
1163 1710 1445 1771 terrasque
1472 1701 1701 1755 iacentis

321 1791 614 1860 Litoraque
639 1797 698 1845 et
720 1790 865 1844 latos
888 1790 1136 1860 populos
1168 1791 1244 1842 sic
1272 1789 1480 1842 vertice
1512 1786 1649 1841 caeli
2251 1789 2354 1841 225

325 1878 584 1931 Constitit
608 1881 666 1930 et
688 1877 896 1945 Libyae
922 1876 1110 1930 defixit
1134 1876 1345 1928 lumina
1370 1875 1571 1943 reguis,

324 1964 509 2032 Atque
532 1964 690 2017 illum
716 1964 843 2017 talis
866 1964 1162 2018 iactantem
1186 1970 1415 2033 pectore
1442 1982 1600 2020 curas

322 2050 550 2104 Tristior
575 2056 631 2104 et
656 2050 898 2104 lacrimis
923 2051 1111 2104 oculos
1135 2051 1343 2105 suffusa
1369 2053 1599 2107 nitentis

323 2137 658 2206 Adloquitur
681 2137 904 2191 Venus:
950 2139 982 2166 “
1001 2137 1049 2191 O
1075 2139 1167 2206 qui
1192 2155 1281 2192 res
1308 2139 1704 2210 hominumque
1732 2141 2004 2212 deumque

322 2224 580 2278 Aeternis
605 2225 750 2292 regis
774 2223 1033 2292 imperiis,
1062 2229 1120 2277 et
1146 2225 1373 2280 fulmine
1401 2233 1591 2296 terres,
2251 2231 2357 2283 230

324 2310 461 2374 Quid
491 2328 644 2364 meus
669 2311 889 2363 Aeneas
912 2311 971 2363 in
995 2317 1053 2364 te
1078 2314 1424 2367 committere
1452 2319 1683 2383 tantum,

323 2396 466 2460 Quid
491 2398 662 2450 Troes
686 2401 932 2464 potuere,
961 2397 1171 2467 quibuS,
1200 2404 1287 2452 tot
1310 2399 1506 2454 funera
1533 2402 1720 2469 passiS‚

322 2483 562 2537 Cunctus
588 2484 661 2537 ob
685 2483 902 2537 Italiam
929 2489 1201 2539 terrarum
1227 2486 1504 2540 clauditur
1529 2489 1680 2542 orbis
1701 2489 1723 2542 2

321 2570 481 2623 Certe
504 2570 637 2624 hinc
664 2570 945 2624 Romanos
971 2572 1118 2640 olim,
1146 2572 1497 2627 volventibus
1524 2575 1695 2642 annia,

320 2654 461 2709 Hinc
485 2658 604 2710 fore
630 2656 904 2725 ductoreS,
935 2665 1192 2712 revocato
1218 2675 1251 2712 a
1282 2661 1546 2728 sanguine
1572 2660 1785 2729 Teucri,
2248 2664 2351 2716 235

320 2742 423 2806 Qui
449 2759 614 2811 mare,
645 2743 738 2811 qui
764 2749 941 2796 terras
965 2744 1114 2797 omni
1142 2743 1361 2798 dicione
1389 2751 1658 2812 tenerent,

318 2829 616 2894 Pollicitus,
648 2845 786 2897 quac
812 2835 883 2896 te,
913 2831 1145 2897 genitor,
1182 2832 1457 2885 sententia
1481 2834 1681 2886 vertit?

320 2916 437 2971 Hoc
461 2916 717 2985 equidem
744 2932 994 2969 occasum
1024 2916 1220 2971 Troiae
1246 2918 1530 2985 tristisque
1555 2920 1743 2973 ruinas

320 3003 557 3071 solabar,
585 3002 717 3056 fatis
741 2997 1016 3056 contraria
1039 3003 1152 3056 fata
1178 3005 1515 3072 rependens;

320 3088 479 3145 Nune
503 3090 698 3145 eadem
722 3090 946 3143 fortuna
972 3091 1120 3143 viros
1145 3096 1232 3144 tot
1259 3092 1473 3144 casibus
1498 3098 1651 3145 actos
2249 3095 2353 3146 240

317 3176 646 3246 Iuaequitur.
725 3176 899 3240 Quem
927 3176 1025 3229 das
1050 3177 1230 3240 finem,
1259 3194 1358 3231 rex
1385 3195 1597 3245 magne,
1620 3179 1913 3233 laborum?
2029 3139 2044 3230 Ι

321 3261 574 3316 Antenor
598 3262 797 3331 potuit,
826 3261 1022 3314 mediis
1048 3263 1262 3331 elapsus
1292 3263 1535 3331 AchiviS,

318 3347 568 3418 myrteos
591 3353 885 3416 penetrare
910 3348 1059 3402 sinus
1085 3355 1248 3417 atque
1274 3350 1471 3403 intima
1497 3356 1650 3404 tutus

510 3434 922 3501 Liburnorum,
952 3440 1008 3487 et
1033 3435 1242 3488 fontem
1271 3452 1529 3504 superare
1556 3435 1784 3504 Timavi,

496 3535 605 3592 per
629 3537 727 3575 ora
750 3537 949 3573 novem
976 3527 1133 3575 vasto
1159 3539 1284 3576 cum
1309 3539 1593 3576 murmure
1619 3523 1825 3576 montis
2246 3524 2349 3576 245
