<?xml version="1.0" encoding="UTF-8"?>
<!DOCTYPE html PUBLIC "-//W3C//DTD XHTML 1.0 Transitional//EN"
    "http://www.w3.org/TR/xhtml1/DTD/xhtml1-transitional.dtd">
<html xmlns="http://www.w3.org/1999/xhtml" xml:lang="en" lang="en">
 <head>
  <title>
</title>
<meta http-equiv="Content-Type" content="text/html;charset=utf-8" />
  <meta name='ocr-system' content='tesseract 3.04.00' />
  <meta name='ocr-capabilities' content='ocr_page ocr_carea ocr_par ocr_line ocrx_word'/>
</head>
<body>
  <div class='ocr_page' id='page_1' title='image "./bucolicsandfirs00friegoog_0098.png"; bbox 0 0 2725 3917; ppageno 0'>
   <div class='ocr_carea' id='block_1_1' title="bbox 1014 238 1753 293">
    <p class='ocr_par' dir='ltr' id='par_1_1' title="bbox 1014 238 1753 293">
     <span class='ocr_line' id='line_1_1' title="bbox 1014 238 1753 293; baseline 0.001 -2"><span class='ocrx_word' id='word_1_1' title='bbox 1014 241 1293 291; x_wconf 84' lang='lat' dir='ltr'>VERGILI</span> <span class='ocrx_word' id='word_1_2' title='bbox 1337 238 1668 291; x_wconf 85' lang='lat' dir='ltr'><strong>AENEIDOS</strong></span> <span class='ocrx_word' id='word_1_3' title='bbox 1713 242 1753 293; x_wconf 91' lang='grc' dir='ltr'><strong>Ι.</strong></span> 
     </span>
    </p>
   </div>
   <div class='ocr_carea' id='block_1_2' title="bbox 356 401 1930 2293">
    <p class='ocr_par' dir='ltr' id='par_1_2' title="bbox 364 401 1776 471">
     <span class='ocr_line' id='line_1_2' title="bbox 364 401 1776 471; baseline -0.002 -14"><span class='ocrx_word' id='word_1_4' title='bbox 364 401 422 457; x_wconf 90' lang='lat' dir='ltr'><strong>Si</strong></span> <span class='ocrx_word' id='word_1_5' title='bbox 447 420 620 471; x_wconf 87' lang='lat' dir='ltr'><strong>genus</strong></span> <span class='ocrx_word' id='word_1_6' title='bbox 644 402 948 456; x_wconf 88' lang='lat' dir='ltr'><strong>humanum</strong></span> <span class='ocrx_word' id='word_1_7' title='bbox 974 406 1031 457; x_wconf 88' lang='lat' dir='ltr'><strong>et</strong></span> <span class='ocrx_word' id='word_1_8' title='bbox 1053 402 1311 456; x_wconf 87' lang='lat' dir='ltr'><strong>mortalia</strong></span> <span class='ocrx_word' id='word_1_9' title='bbox 1333 402 1582 455; x_wconf 86' lang='lat' dir='ltr'><strong>temnitis</strong></span> <span class='ocrx_word' id='word_1_10' title='bbox 1606 418 1776 470; x_wconf 87' lang='lat' dir='ltr'><strong>arma,</strong></span> 
     </span>
    </p>

    <p class='ocr_par' dir='ltr' id='par_1_3' title="bbox 363 488 1779 558">
     <span class='ocr_line' id='line_1_3' title="bbox 363 488 1779 558; baseline 0.001 -16"><span class='ocrx_word' id='word_1_11' title='bbox 363 488 445 542; x_wconf 91' lang='lat' dir='ltr'><strong>At</strong></span> <span class='ocrx_word' id='word_1_12' title='bbox 469 493 685 557; x_wconf 85' lang='lat' dir='ltr'><strong>sperate</strong></span> <span class='ocrx_word' id='word_1_13' title='bbox 712 488 844 542; x_wconf 88' lang='lat' dir='ltr'><strong>deos</strong></span> <span class='ocrx_word' id='word_1_14' title='bbox 869 505 1140 542; x_wconf 79' lang='lat' dir='ltr'>memores</span> <span class='ocrx_word' id='word_1_15' title='bbox 1162 489 1321 542; x_wconf 79' lang='lat' dir='ltr'><strong>fandi</strong></span> <span class='ocrx_word' id='word_1_16' title='bbox 1347 495 1511 558; x_wconf 90' lang='lat' dir='ltr'><strong>atque</strong></span> <span class='ocrx_word' id='word_1_17' title='bbox 1534 489 1779 544; x_wconf 76' lang='lat' dir='ltr'><strong>nefandi.</strong></span> 
     </span>
    </p>

    <p class='ocr_par' dir='ltr' id='par_1_4' title="bbox 363 575 1619 643">
     <span class='ocr_line' id='line_1_4' title="bbox 363 575 1619 643; baseline 0 -16"><span class='ocrx_word' id='word_1_18' title='bbox 363 575 484 629; x_wconf 85' lang='lat' dir='ltr'><strong>Rex</strong></span> <span class='ocrx_word' id='word_1_19' title='bbox 510 580 630 628; x_wconf 88' lang='lat' dir='ltr'><strong>erat</strong></span> <span class='ocrx_word' id='word_1_20' title='bbox 656 575 876 629; x_wconf 81' lang='lat' dir='ltr'><strong>Aeneas</strong></span> <span class='ocrx_word' id='word_1_21' title='bbox 899 575 1075 642; x_wconf 77' lang='lat' dir='ltr'><strong>nobie,</strong></span> <span class='ocrx_word' id='word_1_22' title='bbox 1105 592 1215 643; x_wconf 90' lang='lat' dir='ltr'><strong>quo</strong></span> <span class='ocrx_word' id='word_1_23' title='bbox 1238 577 1439 629; x_wconf 89' lang='lat' dir='ltr'><strong>iustior</strong></span> <span class='ocrx_word' id='word_1_24' title='bbox 1466 576 1619 642; x_wconf 87' lang='lat' dir='ltr'><strong>alter,</strong></span> 
     </span>
    </p>

    <p class='ocr_par' dir='ltr' id='par_1_5' title="bbox 361 660 1633 729">
     <span class='ocr_line' id='line_1_5' title="bbox 361 660 1633 729; baseline -0.001 -15"><span class='ocrx_word' id='word_1_25' title='bbox 361 660 419 714; x_wconf 85' lang='grc' dir='ltr'><strong>Ν</strong></span> <span class='ocrx_word' id='word_1_26' title='bbox 420 678 482 715; x_wconf 85' lang='lat' dir='ltr'><strong>ec</strong></span> <span class='ocrx_word' id='word_1_27' title='bbox 506 662 710 729; x_wconf 83' lang='lat' dir='ltr'><strong>pietate</strong></span> <span class='ocrx_word' id='word_1_28' title='bbox 734 662 844 714; x_wconf 79' lang='lat' dir='ltr'><strong>fuit</strong></span> <span class='ocrx_word' id='word_1_29' title='bbox 870 677 971 715; x_wconf 89' lang='lat' dir='ltr'><strong>nec</strong></span> <span class='ocrx_word' id='word_1_30' title='bbox 997 662 1142 715; x_wconf 81' lang='lat' dir='ltr'><strong>bello</strong></span> <span class='ocrx_word' id='word_1_31' title='bbox 1167 663 1341 716; x_wconf 89' lang='lat' dir='ltr'><strong>maior</strong></span> <span class='ocrx_word' id='word_1_32' title='bbox 1367 667 1424 715; x_wconf 91' lang='lat' dir='ltr'><strong>et</strong></span> <span class='ocrx_word' id='word_1_33' title='bbox 1449 662 1633 715; x_wconf 88' lang='lat' dir='ltr'><strong>armis.</strong></span> 
     </span>
    </p>

    <p class='ocr_par' dir='ltr' id='par_1_6' title="bbox 364 748 1719 818">
     <span class='ocr_line' id='line_1_6' title="bbox 364 748 1719 818; baseline -0.001 -16"><span class='ocrx_word' id='word_1_34' title='bbox 364 748 541 814; x_wconf 79' lang='lat' dir='ltr'><strong>Quem</strong></span> <span class='ocrx_word' id='word_1_35' title='bbox 566 748 611 800; x_wconf 89' lang='lat' dir='ltr'><strong>si</strong></span> <span class='ocrx_word' id='word_1_36' title='bbox 635 748 749 801; x_wconf 88' lang='lat' dir='ltr'><strong>fata</strong></span> <span class='ocrx_word' id='word_1_37' title='bbox 774 748 950 801; x_wconf 84' lang='lat' dir='ltr'><strong>virum</strong></span> <span class='ocrx_word' id='word_1_38' title='bbox 979 753 1216 818; x_wconf 86' lang='lat' dir='ltr'><strong>servant,</strong></span> <span class='ocrx_word' id='word_1_39' title='bbox 1248 750 1292 802; x_wconf 90' lang='lat' dir='ltr'><strong>si</strong></span> <span class='ocrx_word' id='word_1_40' title='bbox 1317 749 1561 802; x_wconf 86' lang='lat' dir='ltr'><strong>vescitur</strong></span> <span class='ocrx_word' id='word_1_41' title='bbox 1585 763 1719 801; x_wconf 89' lang='lat' dir='ltr'><strong>aura</strong></span> 
     </span>
    </p>

    <p class='ocr_par' dir='ltr' id='par_1_7' title="bbox 361 833 1912 904">
     <span class='ocr_line' id='line_1_7' title="bbox 361 833 1912 904; baseline 0.001 -18"><span class='ocrx_word' id='word_1_42' title='bbox 361 835 643 902; x_wconf 80' lang='lat' dir='ltr'><strong>Aetheria,</strong></span> <span class='ocrx_word' id='word_1_43' title='bbox 674 850 850 903; x_wconf 90' lang='lat' dir='ltr'><strong>neque</strong></span> <span class='ocrx_word' id='word_1_44' title='bbox 876 834 1054 889; x_wconf 85' lang='lat' dir='ltr'><strong>adhuc</strong></span> <span class='ocrx_word' id='word_1_45' title='bbox 1084 834 1399 889; x_wconf 80' lang='lat' dir='ltr'><strong>crudelibus</strong></span> <span class='ocrx_word' id='word_1_46' title='bbox 1428 834 1662 888; x_wconf 88' lang='lat' dir='ltr'><strong>occubat</strong></span> <span class='ocrx_word' id='word_1_47' title='bbox 1684 833 1912 904; x_wconf 89' lang='lat' dir='ltr'><strong>umbris,</strong></span> 
     </span>
    </p>

    <p class='ocr_par' dir='ltr' id='par_1_8' title="bbox 360 920 1694 990">
     <span class='ocr_line' id='line_1_8' title="bbox 360 920 1694 990; baseline 0 -17"><span class='ocrx_word' id='word_1_48' title='bbox 360 920 417 973; x_wconf 89' lang='lat' dir='ltr'>N</span> <span class='ocrx_word' id='word_1_49' title='bbox 421 938 492 975; x_wconf 88' lang='lat' dir='ltr'><strong>ou</strong></span> <span class='ocrx_word' id='word_1_50' title='bbox 517 926 729 990; x_wconf 80' lang='lat' dir='ltr'><strong>metus3</strong></span> <span class='ocrx_word' id='word_1_51' title='bbox 771 920 950 975; x_wconf 88' lang='lat' dir='ltr'><strong>officio</strong></span> <span class='ocrx_word' id='word_1_52' title='bbox 976 937 1079 975; x_wconf 92' lang='lat' dir='ltr'><strong>nec</strong></span> <span class='ocrx_word' id='word_1_53' title='bbox 1106 926 1163 975; x_wconf 88' lang='lat' dir='ltr'><strong>te</strong></span> <span class='ocrx_word' id='word_1_54' title='bbox 1191 927 1429 975; x_wconf 77' lang='lat' dir='ltr'><strong>certasse</strong></span> <span class='ocrx_word' id='word_1_55' title='bbox 1452 921 1694 989; x_wconf 89' lang='lat' dir='ltr'><strong>priorem</strong></span> 
     </span>
    </p>

    <p class='ocr_par' dir='ltr' id='par_1_9' title="bbox 359 1006 1728 1076">
     <span class='ocr_line' id='line_1_9' title="bbox 359 1006 1728 1076; baseline 0 -17"><span class='ocrx_word' id='word_1_56' title='bbox 359 1006 664 1061; x_wconf 76' lang='lat' dir='ltr'><strong>Paeniteat.</strong></span> <span class='ocrx_word' id='word_1_57' title='bbox 739 1007 881 1062; x_wconf 90' lang='lat' dir='ltr'><strong>Sunt</strong></span> <span class='ocrx_word' id='word_1_58' title='bbox 905 1013 962 1062; x_wconf 90' lang='lat' dir='ltr'><strong>et</strong></span> <span class='ocrx_word' id='word_1_59' title='bbox 987 1006 1184 1062; x_wconf 79' lang='lat' dir='ltr'><strong>Siculis</strong></span> <span class='ocrx_word' id='word_1_60' title='bbox 1216 1007 1534 1076; x_wconf 85' lang='lat' dir='ltr'><strong>regionibus</strong></span> <span class='ocrx_word' id='word_1_61' title='bbox 1563 1007 1728 1061; x_wconf 92' lang='lat' dir='ltr'><strong>urbes</strong></span> 
     </span>
    </p>

    <p class='ocr_par' dir='ltr' id='par_1_10' title="bbox 359 1085 1836 1164">
     <span class='ocr_line' id='line_1_10' title="bbox 359 1085 1836 1164; baseline 0.003 -18"><span class='ocrx_word' id='word_1_62' title='bbox 359 1085 631 1164; x_wconf 83' lang='lat' dir='ltr'><strong>Arvaque,</strong></span> <span class='ocrx_word' id='word_1_63' title='bbox 661 1095 1004 1163; x_wconf 88' lang='lat' dir='ltr'><strong>Troianoque</strong></span> <span class='ocrx_word' id='word_1_64' title='bbox 1032 1111 1065 1148; x_wconf 91' lang='lat' dir='ltr'><strong>a</strong></span> <span class='ocrx_word' id='word_1_65' title='bbox 1091 1096 1357 1161; x_wconf 89' lang='lat' dir='ltr'><strong>sanguine</strong></span> <span class='ocrx_word' id='word_1_66' title='bbox 1385 1094 1563 1147; x_wconf 87' lang='lat' dir='ltr'><strong>clarus</strong></span> <span class='ocrx_word' id='word_1_67' title='bbox 1587 1093 1836 1150; x_wconf 85' lang='lat' dir='ltr'><strong>Acestes.</strong></span> 
     </span>
    </p>

    <p class='ocr_par' dir='ltr' id='par_1_11' title="bbox 360 1180 1680 1250">
     <span class='ocr_line' id='line_1_11' title="bbox 360 1180 1680 1250; baseline 0 -16"><span class='ocrx_word' id='word_1_68' title='bbox 360 1180 684 1245; x_wconf 77' lang='lat' dir='ltr'><strong>Quassatam</strong></span> <span class='ocrx_word' id='word_1_69' title='bbox 708 1182 888 1235; x_wconf 87' lang='lat' dir='ltr'><strong>ventis</strong></span> <span class='ocrx_word' id='word_1_70' title='bbox 911 1183 1074 1236; x_wconf 88' lang='lat' dir='ltr'><strong>liceat</strong></span> <span class='ocrx_word' id='word_1_71' title='bbox 1101 1180 1404 1235; x_wconf 85' lang='lat' dir='ltr'><strong>subducere</strong></span> <span class='ocrx_word' id='word_1_72' title='bbox 1433 1181 1680 1250; x_wconf 82' lang='lat' dir='ltr'><strong>classem,</strong></span> 
     </span>
    </p>

    <p class='ocr_par' dir='ltr' id='par_1_12' title="bbox 358 1264 1627 1334">
     <span class='ocr_line' id='line_1_12' title="bbox 358 1264 1627 1334; baseline 0.002 -18"><span class='ocrx_word' id='word_1_73' title='bbox 358 1264 432 1317; x_wconf 87' lang='lat' dir='ltr'><strong>Et</strong></span> <span class='ocrx_word' id='word_1_74' title='bbox 457 1265 607 1318; x_wconf 87' lang='lat' dir='ltr'><strong>silvis</strong></span> <span class='ocrx_word' id='word_1_75' title='bbox 630 1270 821 1333; x_wconf 88' lang='lat' dir='ltr'><strong>aptare</strong></span> <span class='ocrx_word' id='word_1_76' title='bbox 845 1267 1032 1319; x_wconf 88' lang='lat' dir='ltr'><strong>trabes</strong></span> <span class='ocrx_word' id='word_1_77' title='bbox 1054 1270 1114 1319; x_wconf 91' lang='lat' dir='ltr'><strong>et</strong></span> <span class='ocrx_word' id='word_1_78' title='bbox 1138 1266 1407 1334; x_wconf 82' lang='lat' dir='ltr'><strong>stringere</strong></span> <span class='ocrx_word' id='word_1_79' title='bbox 1433 1280 1627 1334; x_wconf 92' lang='lat' dir='ltr'><strong>remos,</strong></span> 
     </span>
    </p>

    <p class='ocr_par' dir='ltr' id='par_1_13' title="bbox 359 1351 1556 1420">
     <span class='ocr_line' id='line_1_13' title="bbox 359 1351 1556 1420; baseline 0 -15"><span class='ocrx_word' id='word_1_80' title='bbox 359 1352 417 1405; x_wconf 88' lang='lat' dir='ltr'><strong>Si</strong></span> <span class='ocrx_word' id='word_1_81' title='bbox 443 1351 608 1406; x_wconf 89' lang='lat' dir='ltr'><strong>datur</strong></span> <span class='ocrx_word' id='word_1_82' title='bbox 630 1352 862 1420; x_wconf 89' lang='lat' dir='ltr'><strong>Italiam,</strong></span> <span class='ocrx_word' id='word_1_83' title='bbox 892 1352 1052 1406; x_wconf 89' lang='lat' dir='ltr'><strong>sociis</strong></span> <span class='ocrx_word' id='word_1_84' title='bbox 1077 1357 1134 1405; x_wconf 90' lang='lat' dir='ltr'><strong>et</strong></span> <span class='ocrx_word' id='word_1_85' title='bbox 1159 1360 1289 1420; x_wconf 83' lang='lat' dir='ltr'><strong>rege</strong></span> <span class='ocrx_word' id='word_1_86' title='bbox 1314 1355 1556 1420; x_wconf 83' lang='lat' dir='ltr'><strong>receptO,</strong></span> 
     </span>
    </p>

    <p class='ocr_par' dir='ltr' id='par_1_14' title="bbox 358 1438 1773 1513">
     <span class='ocr_line' id='line_1_14' title="bbox 358 1438 1773 1513; baseline 0.001 -22"><span class='ocrx_word' id='word_1_87' title='bbox 358 1439 617 1505; x_wconf 87' lang='lat' dir='ltr'><strong>Tendere,</strong></span> <span class='ocrx_word' id='word_1_88' title='bbox 649 1444 707 1491; x_wconf 87' lang='lat' dir='ltr'><strong>ut</strong></span> <span class='ocrx_word' id='word_1_89' title='bbox 733 1438 952 1493; x_wconf 88' lang='lat' dir='ltr'><strong>Italiam</strong></span> <span class='ocrx_word' id='word_1_90' title='bbox 974 1438 1107 1493; x_wconf 89' lang='lat' dir='ltr'><strong>laeti</strong></span> <span class='ocrx_word' id='word_1_91' title='bbox 1134 1438 1462 1508; x_wconf 87' lang='lat' dir='ltr'><strong>Latiumque</strong></span> <span class='ocrx_word' id='word_1_92' title='bbox 1487 1441 1773 1513; x_wconf 83' lang='lat' dir='ltr'><strong>petamus3</strong></span> 
     </span>
    </p>

    <p class='ocr_par' dir='ltr' id='par_1_15' title="bbox 358 1524 1866 1595">
     <span class='ocr_line' id='line_1_15' title="bbox 358 1524 1866 1595; baseline 0 -17"><span class='ocrx_word' id='word_1_93' title='bbox 358 1525 456 1578; x_wconf 87' lang='lat' dir='ltr'><strong>Sin</strong></span> <span class='ocrx_word' id='word_1_94' title='bbox 481 1527 771 1594; x_wconf 88' lang='lat' dir='ltr'><strong>absumpta</strong></span> <span class='ocrx_word' id='word_1_95' title='bbox 794 1525 952 1592; x_wconf 74' lang='lat' dir='ltr'><strong>salua,</strong></span> <span class='ocrx_word' id='word_1_96' title='bbox 974 1530 1032 1579; x_wconf 90' lang='lat' dir='ltr'><strong>et</strong></span> <span class='ocrx_word' id='word_1_97' title='bbox 1054 1531 1127 1594; x_wconf 91' lang='lat' dir='ltr'><strong>te,</strong></span> <span class='ocrx_word' id='word_1_98' title='bbox 1155 1530 1314 1593; x_wconf 88' lang='lat' dir='ltr'><strong>pater</strong></span> <span class='ocrx_word' id='word_1_99' title='bbox 1344 1525 1555 1594; x_wconf 88' lang='lat' dir='ltr'><strong>optime</strong></span> <span class='ocrx_word' id='word_1_100' title='bbox 1580 1524 1866 1595; x_wconf 87' lang='lat' dir='ltr'><strong>Teucrum,</strong></span> 
     </span>
    </p>

    <p class='ocr_par' dir='ltr' id='par_1_16' title="bbox 357 1611 1755 1681">
     <span class='ocr_line' id='line_1_16' title="bbox 357 1611 1755 1681; baseline 0 -16"><span class='ocrx_word' id='word_1_101' title='bbox 357 1612 570 1666; x_wconf 89' lang='lat' dir='ltr'><strong>Pontus</strong></span> <span class='ocrx_word' id='word_1_102' title='bbox 593 1613 765 1667; x_wconf 90' lang='lat' dir='ltr'><strong>habet</strong></span> <span class='ocrx_word' id='word_1_103' title='bbox 787 1612 1009 1681; x_wconf 80' lang='lat' dir='ltr'><strong>Libyae,</strong></span> <span class='ocrx_word' id='word_1_104' title='bbox 1038 1628 1139 1666; x_wconf 89' lang='lat' dir='ltr'><strong>nec</strong></span> <span class='ocrx_word' id='word_1_105' title='bbox 1158 1629 1282 1681; x_wconf 90' lang='lat' dir='ltr'><strong>spes</strong></span> <span class='ocrx_word' id='word_1_106' title='bbox 1300 1613 1412 1666; x_wconf 89' lang='lat' dir='ltr'><strong>iam</strong></span> <span class='ocrx_word' id='word_1_107' title='bbox 1435 1616 1608 1666; x_wconf 89' lang='lat' dir='ltr'><strong>restat</strong></span> <span class='ocrx_word' id='word_1_108' title='bbox 1631 1611 1755 1680; x_wconf 88' lang='lat' dir='ltr'><strong>Iuli,</strong></span> 
     </span>
    </p>

    <p class='ocr_par' dir='ltr' id='par_1_17' title="bbox 357 1699 1645 1768">
     <span class='ocr_line' id='line_1_17' title="bbox 357 1699 1645 1768; baseline 0 -16"><span class='ocrx_word' id='word_1_109' title='bbox 357 1699 438 1752; x_wconf 87' lang='lat' dir='ltr'><strong>At</strong></span> <span class='ocrx_word' id='word_1_110' title='bbox 460 1700 606 1753; x_wconf 83' lang='lat' dir='ltr'><strong>freta</strong></span> <span class='ocrx_word' id='word_1_111' title='bbox 629 1700 877 1754; x_wconf 84' lang='lat' dir='ltr'><strong>Sicaniae</strong></span> <span class='ocrx_word' id='word_1_112' title='bbox 903 1699 1095 1753; x_wconf 89' lang='lat' dir='ltr'><strong>saltem</strong></span> <span class='ocrx_word' id='word_1_113' title='bbox 1123 1699 1385 1768; x_wconf 88' lang='lat' dir='ltr'><strong>sedesque</strong></span> <span class='ocrx_word' id='word_1_114' title='bbox 1410 1705 1645 1767; x_wconf 83' lang='lat' dir='ltr'><strong>paratas,</strong></span> 
     </span>
    </p>

    <p class='ocr_par' dir='ltr' id='par_1_18' title="bbox 358 1784 1826 1856">
     <span class='ocr_line' id='line_1_18' title="bbox 358 1784 1826 1856; baseline -0.001 -17"><span class='ocrx_word' id='word_1_115' title='bbox 358 1786 518 1841; x_wconf 84' lang='lat' dir='ltr'><strong>Unde</strong></span> <span class='ocrx_word' id='word_1_116' title='bbox 540 1788 650 1841; x_wconf 89' lang='lat' dir='ltr'><strong>huc</strong></span> <span class='ocrx_word' id='word_1_117' title='bbox 675 1787 905 1856; x_wconf 85' lang='lat' dir='ltr'><strong>advecti,</strong></span> <span class='ocrx_word' id='word_1_118' title='bbox 933 1803 1229 1855; x_wconf 87' lang='lat' dir='ltr'><strong>regemque</strong></span> <span class='ocrx_word' id='word_1_119' title='bbox 1253 1791 1506 1855; x_wconf 87' lang='lat' dir='ltr'><strong>petamus</strong></span> <span class='ocrx_word' id='word_1_120' title='bbox 1528 1784 1826 1838; x_wconf 86' lang='lat' dir='ltr'><strong>Acesten.”</strong></span> 
     </span>
    </p>

    <p class='ocr_par' dir='ltr' id='par_1_19' title="bbox 358 1873 1736 1941">
     <span class='ocr_line' id='line_1_19' title="bbox 358 1873 1736 1941; baseline 0.001 -15"><span class='ocrx_word' id='word_1_121' title='bbox 358 1873 579 1927; x_wconf 87' lang='lat' dir='ltr'><strong>Talibus</strong></span> <span class='ocrx_word' id='word_1_122' title='bbox 601 1873 871 1941; x_wconf 87' lang='lat' dir='ltr'><strong>Ilioneus;</strong></span> <span class='ocrx_word' id='word_1_123' title='bbox 913 1873 1096 1927; x_wconf 87' lang='lat' dir='ltr'><strong>cuncti</strong></span> <span class='ocrx_word' id='word_1_124' title='bbox 1121 1873 1282 1927; x_wconf 91' lang='lat' dir='ltr'><strong>simul</strong></span> <span class='ocrx_word' id='word_1_125' title='bbox 1308 1890 1403 1928; x_wconf 90' lang='lat' dir='ltr'><strong>ore</strong></span> <span class='ocrx_word' id='word_1_126' title='bbox 1422 1874 1736 1929; x_wconf 76' lang='lat' dir='ltr'><strong>fremebant</strong></span> 
     </span>
    </p>

    <p class='ocr_par' dir='ltr' id='par_1_20' title="bbox 356 1960 1930 2118">
     <span class='ocr_line' id='line_1_20' title="bbox 356 1960 1930 2029; baseline 0.001 -16"><span class='ocrx_word' id='word_1_127' title='bbox 356 1960 721 2015; x_wconf 88' lang='lat' dir='ltr'><strong>Dardanidae.</strong></span> <span class='ocrx_word' id='word_1_128' title='bbox 1878 2001 1930 2029; x_wconf 41' lang='grc' dir='ltr'><strong>,μ</strong></span> 
     </span>
     <span class='ocr_line' id='line_1_21' title="bbox 426 2041 1845 2118; baseline 0.004 -18"><span class='ocrx_word' id='word_1_129' title='bbox 426 2047 564 2100; x_wconf 89' lang='lat' dir='ltr'><strong>Tum</strong></span> <span class='ocrx_word' id='word_1_130' title='bbox 588 2048 830 2101; x_wconf 85' lang='lat' dir='ltr'><strong>breviter</strong></span> <span class='ocrx_word' id='word_1_131' title='bbox 852 2041 1018 2117; x_wconf 82' lang='lat' dir='ltr'><strong>Dido,</strong></span> <span class='ocrx_word' id='word_1_132' title='bbox 1047 2048 1258 2102; x_wconf 87' lang='lat' dir='ltr'><strong>voltum</strong></span> <span class='ocrx_word' id='word_1_133' title='bbox 1283 2049 1534 2118; x_wconf 85' lang='lat' dir='ltr'><strong>demissa,</strong></span> <span class='ocrx_word' id='word_1_134' title='bbox 1560 2051 1845 2118; x_wconf 82' lang='lat' dir='ltr'><strong>profatur:</strong></span> 
     </span>
    </p>

    <p class='ocr_par' dir='ltr' id='par_1_21' title="bbox 360 2132 1794 2201">
     <span class='ocr_line' id='line_1_22' title="bbox 360 2132 1794 2201; baseline 0.006 -17"><span class='ocrx_word' id='word_1_135' title='bbox 360 2133 394 2161; x_wconf 89' lang='lat'>“</span> <span class='ocrx_word' id='word_1_136' title='bbox 415 2132 621 2187; x_wconf 80' lang='lat' dir='ltr'><strong>Solvite</strong></span> <span class='ocrx_word' id='word_1_137' title='bbox 646 2133 811 2188; x_wconf 88' lang='lat' dir='ltr'><strong>corde</strong></span> <span class='ocrx_word' id='word_1_138' title='bbox 830 2138 1057 2198; x_wconf 88' lang='lat' dir='ltr'><strong>metum,</strong></span> <span class='ocrx_word' id='word_1_139' title='bbox 1088 2133 1299 2201; x_wconf 91' lang='lat' dir='ltr'><strong>Teucri,</strong></span> <span class='ocrx_word' id='word_1_140' title='bbox 1334 2133 1596 2190; x_wconf 89' lang='lat' dir='ltr'><strong>secludite</strong></span> <span class='ocrx_word' id='word_1_141' title='bbox 1622 2155 1794 2193; x_wconf 78' lang='lat' dir='ltr'><strong>curas,</strong></span> 
     </span>
    </p>

    <p class='ocr_par' dir='ltr' id='par_1_22' title="bbox 356 2218 1640 2293">
     <span class='ocr_line' id='line_1_23' title="bbox 356 2218 1640 2293; baseline 0.006 -22"><span class='ocrx_word' id='word_1_142' title='bbox 356 2218 467 2272; x_wconf 87' lang='lat' dir='ltr'><strong>Res</strong></span> <span class='ocrx_word' id='word_1_143' title='bbox 491 2219 629 2275; x_wconf 86' lang='lat' dir='ltr'><strong>dura</strong></span> <span class='ocrx_word' id='word_1_144' title='bbox 653 2224 710 2273; x_wconf 90' lang='lat' dir='ltr'><strong>et</strong></span> <span class='ocrx_word' id='word_1_145' title='bbox 734 2221 889 2288; x_wconf 87' lang='lat' dir='ltr'><strong>regni</strong></span> <span class='ocrx_word' id='word_1_146' title='bbox 912 2220 1133 2275; x_wconf 88' lang='lat' dir='ltr'><strong>novitas</strong></span> <span class='ocrx_word' id='word_1_147' title='bbox 1158 2237 1247 2274; x_wconf 92' lang='lat' dir='ltr'><strong>me</strong></span> <span class='ocrx_word' id='word_1_148' title='bbox 1272 2221 1407 2277; x_wconf 84' lang='lat' dir='ltr'><strong>talia</strong></span> <span class='ocrx_word' id='word_1_149' title='bbox 1434 2230 1640 2293; x_wconf 87' lang='lat' dir='ltr'><strong>cogunt</strong></span> 
     </span>
    </p>
   </div>
   <div class='ocr_carea' id='block_1_3' title="bbox 204 2304 1362 2395">
    <p class='ocr_par' dir='ltr' id='par_1_23' title="bbox 204 2304 1362 2395">
     <span class='ocr_line' id='line_1_24' title="bbox 204 2304 1362 2395; baseline 0.003 -38"><span class='ocrx_word' id='word_1_150' title='bbox 204 2327 215 2368; x_wconf 52' lang='grc' dir='ltr'>χ</span> <span class='ocrx_word' id='word_1_151' title='bbox 241 2325 287 2395; x_wconf 49' lang='lat'><strong>:3</strong></span> <span class='ocrx_word' id='word_1_152' title='bbox 308 2309 335 2339; x_wconf 46' lang='lat'><strong>&#39;2</strong></span> <span class='ocrx_word' id='word_1_153' title='bbox 357 2304 558 2374; x_wconf 87' lang='lat' dir='ltr'><strong>Moliri,</strong></span> <span class='ocrx_word' id='word_1_154' title='bbox 587 2309 644 2358; x_wconf 93' lang='lat' dir='ltr'><strong>et</strong></span> <span class='ocrx_word' id='word_1_155' title='bbox 666 2304 778 2358; x_wconf 89' lang='lat' dir='ltr'><strong>late</strong></span> <span class='ocrx_word' id='word_1_156' title='bbox 801 2304 928 2357; x_wconf 90' lang='lat' dir='ltr'><strong>finis</strong></span> <span class='ocrx_word' id='word_1_157' title='bbox 952 2305 1178 2359; x_wconf 86' lang='lat' dir='ltr'><strong>custode</strong></span> <span class='ocrx_word' id='word_1_158' title='bbox 1200 2304 1362 2361; x_wconf 86' lang='lat' dir='ltr'><strong>tueri.</strong></span> 
     </span>
    </p>
   </div>
   <div class='ocr_carea' id='block_1_4' title="bbox 355 2389 1891 3577">
    <p class='ocr_par' dir='ltr' id='par_1_24' title="bbox 358 2389 1891 2634">
     <span class='ocr_line' id='line_1_25' title="bbox 360 2389 1891 2462; baseline 0.003 -20"><span class='ocrx_word' id='word_1_159' title='bbox 360 2390 494 2454; x_wconf 83' lang='lat' dir='ltr'><strong>Quis</strong></span> <span class='ocrx_word' id='word_1_160' title='bbox 517 2407 688 2459; x_wconf 87' lang='lat' dir='ltr'><strong>genus</strong></span> <span class='ocrx_word' id='word_1_161' title='bbox 713 2389 1054 2459; x_wconf 87' lang='lat' dir='ltr'><strong>Aeneadum,</strong></span> <span class='ocrx_word' id='word_1_162' title='bbox 1084 2392 1205 2459; x_wconf 90' lang='lat' dir='ltr'><strong>quis</strong></span> <span class='ocrx_word' id='word_1_163' title='bbox 1228 2390 1422 2443; x_wconf 89' lang='lat' dir='ltr'><strong>Troiae</strong></span> <span class='ocrx_word' id='word_1_164' title='bbox 1446 2392 1656 2445; x_wconf 88' lang='lat' dir='ltr'><strong>nesciat</strong></span> <span class='ocrx_word' id='word_1_165' title='bbox 1680 2393 1891 2462; x_wconf 89' lang='lat' dir='ltr'><strong>urbem,</strong></span> 
     </span>
     <span class='ocr_line' id='line_1_26' title="bbox 358 2476 1771 2546; baseline 0.004 -18"><span class='ocrx_word' id='word_1_166' title='bbox 358 2476 717 2546; x_wconf 86' lang='lat' dir='ltr'><strong>Virtutesque</strong></span> <span class='ocrx_word' id='word_1_167' title='bbox 742 2477 1012 2546; x_wconf 84' lang='lat' dir='ltr'><strong>virosque,</strong></span> <span class='ocrx_word' id='word_1_168' title='bbox 1043 2482 1140 2530; x_wconf 86' lang='lat' dir='ltr'><strong>aut</strong></span> <span class='ocrx_word' id='word_1_169' title='bbox 1162 2477 1307 2530; x_wconf 85' lang='lat' dir='ltr'><strong>tanti</strong></span> <span class='ocrx_word' id='word_1_170' title='bbox 1330 2477 1585 2531; x_wconf 90' lang='lat' dir='ltr'><strong>incendia</strong></span> <span class='ocrx_word' id='word_1_171' title='bbox 1609 2479 1771 2534; x_wconf 68' lang='lat' dir='ltr'><strong>belli?</strong></span> 
     </span>
     <span class='ocr_line' id='line_1_27' title="bbox 358 2562 1681 2634; baseline 0.001 -19"><span class='ocrx_word' id='word_1_172' title='bbox 358 2562 489 2616; x_wconf 87' lang='lat' dir='ltr'><strong>Non</strong></span> <span class='ocrx_word' id='word_1_173' title='bbox 514 2564 751 2617; x_wconf 89' lang='lat' dir='ltr'><strong>obtunsa</strong></span> <span class='ocrx_word' id='word_1_174' title='bbox 774 2562 912 2615; x_wconf 88' lang='lat' dir='ltr'><strong>adeo</strong></span> <span class='ocrx_word' id='word_1_175' title='bbox 939 2568 1216 2630; x_wconf 84' lang='lat' dir='ltr'><strong>gestamus</strong></span> <span class='ocrx_word' id='word_1_176' title='bbox 1240 2569 1467 2633; x_wconf 85' lang='lat' dir='ltr'><strong>pectora</strong></span> <span class='ocrx_word' id='word_1_177' title='bbox 1491 2564 1681 2634; x_wconf 90' lang='lat' dir='ltr'><strong>Poeni,</strong></span> 
     </span>
    </p>

    <p class='ocr_par' dir='ltr' id='par_1_25' title="bbox 355 2648 1871 3495">
     <span class='ocr_line' id='line_1_28' title="bbox 359 2648 1844 2718; baseline 0.003 -17"><span class='ocrx_word' id='word_1_178' title='bbox 359 2648 477 2701; x_wconf 87' lang='lat' dir='ltr'><strong>Neo</strong></span> <span class='ocrx_word' id='word_1_179' title='bbox 500 2653 617 2701; x_wconf 85' lang='lat' dir='ltr'><strong>tam</strong></span> <span class='ocrx_word' id='word_1_180' title='bbox 640 2664 862 2701; x_wconf 86' lang='lat' dir='ltr'><strong>aversus</strong></span> <span class='ocrx_word' id='word_1_181' title='bbox 888 2664 1056 2717; x_wconf 90' lang='lat' dir='ltr'><strong>equos</strong></span> <span class='ocrx_word' id='word_1_182' title='bbox 1081 2649 1246 2715; x_wconf 79' lang='lat' dir='ltr'><strong>Tyria</strong></span> <span class='ocrx_word' id='word_1_183' title='bbox 1271 2649 1365 2702; x_wconf 88' lang='lat' dir='ltr'><strong>Sol</strong></span> <span class='ocrx_word' id='word_1_184' title='bbox 1390 2650 1569 2718; x_wconf 86' lang='lat' dir='ltr'><strong>iungit</strong></span> <span class='ocrx_word' id='word_1_185' title='bbox 1594 2652 1663 2705; x_wconf 89' lang='lat' dir='ltr'><strong>ab</strong></span> <span class='ocrx_word' id='word_1_186' title='bbox 1688 2652 1844 2707; x_wconf 88' lang='lat' dir='ltr'><strong>urbe.</strong></span> 
     </span>
     <span class='ocr_line' id='line_1_29' title="bbox 359 2734 1790 2807; baseline 0.004 -20"><span class='ocrx_word' id='word_1_187' title='bbox 359 2734 467 2787; x_wconf 87' lang='lat' dir='ltr'><strong>Seu</strong></span> <span class='ocrx_word' id='word_1_188' title='bbox 492 2752 592 2788; x_wconf 87' lang='lat' dir='ltr'><strong>vos</strong></span> <span class='ocrx_word' id='word_1_189' title='bbox 617 2735 941 2802; x_wconf 88' lang='lat' dir='ltr'><strong>Hesperiam</strong></span> <span class='ocrx_word' id='word_1_190' title='bbox 966 2751 1227 2802; x_wconf 90' lang='lat' dir='ltr'><strong>magnam</strong></span> <span class='ocrx_word' id='word_1_191' title='bbox 1253 2735 1617 2805; x_wconf 87' lang='lat' dir='ltr'><strong>Saturniaque</strong></span> <span class='ocrx_word' id='word_1_192' title='bbox 1642 2754 1790 2807; x_wconf 85' lang='lat' dir='ltr'><strong>arva,</strong></span> 
     </span>
     <span class='ocr_line' id='line_1_30' title="bbox 359 2820 1693 2893; baseline 0.004 -21"><span class='ocrx_word' id='word_1_193' title='bbox 359 2820 488 2874; x_wconf 87' lang='lat' dir='ltr'><strong>Sive</strong></span> <span class='ocrx_word' id='word_1_194' title='bbox 511 2821 707 2887; x_wconf 81' lang='lat' dir='ltr'><strong>Erycis</strong></span> <span class='ocrx_word' id='word_1_195' title='bbox 729 2820 857 2875; x_wconf 89' lang='lat' dir='ltr'><strong>finis</strong></span> <span class='ocrx_word' id='word_1_196' title='bbox 881 2838 1176 2890; x_wconf 90' lang='lat' dir='ltr'><strong>regemque</strong></span> <span class='ocrx_word' id='word_1_197' title='bbox 1204 2822 1409 2890; x_wconf 89' lang='lat' dir='ltr'><strong>optatis</strong></span> <span class='ocrx_word' id='word_1_198' title='bbox 1433 2823 1693 2893; x_wconf 88' lang='lat' dir='ltr'><strong>Acesten,</strong></span> 
     </span>
     <span class='ocr_line' id='line_1_31' title="bbox 359 2905 1660 2977; baseline 0.005 -18"><span class='ocrx_word' id='word_1_199' title='bbox 359 2905 585 2960; x_wconf 88' lang='lat' dir='ltr'><strong>Auxilio</strong></span> <span class='ocrx_word' id='word_1_200' title='bbox 611 2912 764 2960; x_wconf 88' lang='lat' dir='ltr'><strong>tutos</strong></span> <span class='ocrx_word' id='word_1_201' title='bbox 786 2907 1075 2977; x_wconf 88' lang='lat' dir='ltr'><strong>dimittam,</strong></span> <span class='ocrx_word' id='word_1_202' title='bbox 1111 2909 1415 2977; x_wconf 91' lang='lat' dir='ltr'><strong>opibusque</strong></span> <span class='ocrx_word' id='word_1_203' title='bbox 1441 2910 1660 2965; x_wconf 80' lang='lat' dir='ltr'><strong>iuvabo,</strong></span> 
     </span>
     <span class='ocr_line' id='line_1_32' title="bbox 359 2992 1760 3064; baseline 0.002 -17"><span class='ocrx_word' id='word_1_204' title='bbox 359 2994 547 3048; x_wconf 86' lang='lat' dir='ltr'><strong>Voltis</strong></span> <span class='ocrx_word' id='word_1_205' title='bbox 571 2998 628 3046; x_wconf 91' lang='lat' dir='ltr'><strong>et</strong></span> <span class='ocrx_word' id='word_1_206' title='bbox 651 2992 738 3045; x_wconf 90' lang='lat' dir='ltr'><strong>his</strong></span> <span class='ocrx_word' id='word_1_207' title='bbox 759 3010 975 3047; x_wconf 89' lang='lat' dir='ltr'><strong>mecum</strong></span> <span class='ocrx_word' id='word_1_208' title='bbox 1001 2995 1210 3063; x_wconf 88' lang='lat' dir='ltr'><strong>pariter</strong></span> <span class='ocrx_word' id='word_1_209' title='bbox 1240 2996 1524 3050; x_wconf 86' lang='lat' dir='ltr'><strong>considere</strong></span> <span class='ocrx_word' id='word_1_210' title='bbox 1549 2997 1760 3064; x_wconf 84' lang='lat' dir='ltr'><strong>regnis:</strong></span> 
     </span>
     <span class='ocr_line' id='line_1_33' title="bbox 360 3080 1871 3151; baseline 0.003 -18"><span class='ocrx_word' id='word_1_211' title='bbox 360 3080 563 3135; x_wconf 89' lang='lat' dir='ltr'><strong>Urbem</strong></span> <span class='ocrx_word' id='word_1_212' title='bbox 593 3095 753 3148; x_wconf 90' lang='lat' dir='ltr'><strong>quam</strong></span> <span class='ocrx_word' id='word_1_213' title='bbox 779 3083 976 3148; x_wconf 88' lang='lat' dir='ltr'><strong>statu0,</strong></span> <span class='ocrx_word' id='word_1_214' title='bbox 1004 3085 1187 3134; x_wconf 85' lang='lat' dir='ltr'><strong>vestra</strong></span> <span class='ocrx_word' id='word_1_215' title='bbox 1214 3086 1327 3149; x_wconf 82' lang='lat' dir='ltr'><strong>est3</strong></span> <span class='ocrx_word' id='word_1_216' title='bbox 1370 3082 1657 3137; x_wconf 87' lang='lat' dir='ltr'><strong>subducite</strong></span> <span class='ocrx_word' id='word_1_217' title='bbox 1681 3084 1871 3151; x_wconf 83' lang='lat' dir='ltr'><strong>navis3</strong></span> 
     </span>
     <span class='ocr_line' id='line_1_34' title="bbox 358 3165 1739 3237; baseline 0.003 -19"><span class='ocrx_word' id='word_1_218' title='bbox 358 3165 494 3220; x_wconf 91' lang='lat' dir='ltr'><strong>Tros</strong></span> <span class='ocrx_word' id='word_1_219' title='bbox 519 3165 822 3234; x_wconf 87' lang='lat' dir='ltr'><strong>Tyriusque</strong></span> <span class='ocrx_word' id='word_1_220' title='bbox 849 3166 983 3217; x_wconf 89' lang='lat' dir='ltr'><strong>mihi</strong></span> <span class='ocrx_word' id='word_1_221' title='bbox 1007 3165 1161 3219; x_wconf 92' lang='lat' dir='ltr'><strong>nullo</strong></span> <span class='ocrx_word' id='word_1_222' title='bbox 1189 3167 1504 3221; x_wconf 89' lang='lat' dir='ltr'><strong>discrimine</strong></span> <span class='ocrx_word' id='word_1_223' title='bbox 1530 3174 1739 3237; x_wconf 86' lang='lat' dir='ltr'><strong>agetur.</strong></span> 
     </span>
     <span class='ocr_line' id='line_1_35' title="bbox 358 3251 1789 3322; baseline 0.001 -17"><span class='ocrx_word' id='word_1_224' title='bbox 358 3252 542 3322; x_wconf 92' lang='lat' dir='ltr'><strong>Atque</strong></span> <span class='ocrx_word' id='word_1_225' title='bbox 567 3252 780 3306; x_wconf 89' lang='lat' dir='ltr'><strong>utinam</strong></span> <span class='ocrx_word' id='word_1_226' title='bbox 806 3269 904 3305; x_wconf 85' lang='lat' dir='ltr'><strong>rex</strong></span> <span class='ocrx_word' id='word_1_227' title='bbox 929 3252 1046 3319; x_wconf 89' lang='lat' dir='ltr'><strong>ipse</strong></span> <span class='ocrx_word' id='word_1_228' title='bbox 1072 3251 1224 3306; x_wconf 88' lang='lat' dir='ltr'><strong>Noto</strong></span> <span class='ocrx_word' id='word_1_229' title='bbox 1253 3254 1569 3321; x_wconf 89' lang='lat' dir='ltr'><strong>compulsus</strong></span> <span class='ocrx_word' id='word_1_230' title='bbox 1594 3255 1789 3307; x_wconf 91' lang='lat' dir='ltr'><strong>eodem</strong></span> 
     </span>
     <span class='ocr_line' id='line_1_36' title="bbox 357 3337 1735 3408; baseline 0.001 -16"><span class='ocrx_word' id='word_1_231' title='bbox 357 3339 598 3393; x_wconf 79' lang='lat' dir='ltr'><strong>Adforet</strong></span> <span class='ocrx_word' id='word_1_232' title='bbox 622 3338 867 3391; x_wconf 72' lang='lat' dir='ltr'><strong>Aeneas!</strong></span> <span class='ocrx_word' id='word_1_233' title='bbox 943 3337 1216 3406; x_wconf 88' lang='lat' dir='ltr'><strong>Equidem</strong></span> <span class='ocrx_word' id='word_1_234' title='bbox 1239 3356 1341 3408; x_wconf 92' lang='lat' dir='ltr'><strong>per</strong></span> <span class='ocrx_word' id='word_1_235' title='bbox 1363 3340 1530 3394; x_wconf 89' lang='lat' dir='ltr'><strong>litora</strong></span> <span class='ocrx_word' id='word_1_236' title='bbox 1554 3345 1735 3394; x_wconf 87' lang='lat' dir='ltr'><strong>certos</strong></span> 
     </span>
     <span class='ocr_line' id='line_1_37' title="bbox 355 3424 1733 3495; baseline 0.002 -19"><span class='ocrx_word' id='word_1_237' title='bbox 355 3424 647 3479; x_wconf 86' lang='lat' dir='ltr'><strong>Dimittam</strong></span> <span class='ocrx_word' id='word_1_238' title='bbox 672 3429 728 3478; x_wconf 89' lang='lat' dir='ltr'><strong>et</strong></span> <span class='ocrx_word' id='word_1_239' title='bbox 751 3424 957 3492; x_wconf 87' lang='lat' dir='ltr'><strong>Libyae</strong></span> <span class='ocrx_word' id='word_1_240' title='bbox 981 3424 1216 3478; x_wconf 89' lang='lat' dir='ltr'><strong>lustrare</strong></span> <span class='ocrx_word' id='word_1_241' title='bbox 1243 3430 1491 3479; x_wconf 87' lang='lat' dir='ltr'><strong>extrema</strong></span> <span class='ocrx_word' id='word_1_242' title='bbox 1513 3426 1733 3495; x_wconf 89' lang='lat' dir='ltr'><strong>iubebo,</strong></span> 
     </span>
    </p>

    <p class='ocr_par' dir='ltr' id='par_1_26' title="bbox 355 3507 1643 3577">
     <span class='ocr_line' id='line_1_38' title="bbox 355 3507 1643 3577; baseline 0.003 -17"><span class='ocrx_word' id='word_1_243' title='bbox 355 3507 414 3560; x_wconf 87' lang='lat' dir='ltr'><strong>Si</strong></span> <span class='ocrx_word' id='word_1_244' title='bbox 439 3510 634 3577; x_wconf 89' lang='lat' dir='ltr'><strong>quibus</strong></span> <span class='ocrx_word' id='word_1_245' title='bbox 658 3509 864 3563; x_wconf 87' lang='lat' dir='ltr'><strong>eiectus</strong></span> <span class='ocrx_word' id='word_1_246' title='bbox 888 3508 1041 3562; x_wconf 80' lang='lat' dir='ltr'><strong>silvis</strong></span> <span class='ocrx_word' id='word_1_247' title='bbox 1065 3512 1161 3562; x_wconf 91' lang='lat' dir='ltr'><strong>aut</strong></span> <span class='ocrx_word' id='word_1_248' title='bbox 1184 3510 1413 3563; x_wconf 92' lang='lat' dir='ltr'><strong>urbibus</strong></span> <span class='ocrx_word' id='word_1_249' title='bbox 1439 3509 1643 3565; x_wconf 89' lang='lat' dir='ltr'><strong>errat.’&#39;</strong></span> 
     </span>
    </p>
   </div>
   <div class='ocr_carea' id='block_1_5' title="bbox 2018 3171 2038 3243">
    <p class='ocr_par' dir='ltr' id='par_1_27' title="bbox 2018 3171 2038 3243">
     <span class='ocr_line' id='line_1_39' title="bbox 2018 3171 2038 3243; baseline 0 0"><span class='ocrx_word' id='word_1_250' title='bbox 2018 3171 2038 3243; x_wconf 80' lang='lat' dir='ltr'><strong>l</strong></span> 
     </span>
    </p>
   </div>
   <div class='ocr_carea' id='block_1_6' title="bbox 2294 666 2398 719">
    <p class='ocr_par' dir='ltr' id='par_1_28' title="bbox 2294 666 2398 719">
     <span class='ocr_line' id='line_1_40' title="bbox 2294 666 2398 719; baseline 0.01 -1"><span class='ocrx_word' id='word_1_251' title='bbox 2294 666 2398 719; x_wconf 88' lang='grc'><strong>545</strong></span> 
     </span>
    </p>
   </div>
   <div class='ocr_carea' id='block_1_7' title="bbox 2290 1099 2395 1151">
    <p class='ocr_par' dir='ltr' id='par_1_29' title="bbox 2290 1099 2395 1151">
     <span class='ocr_line' id='line_1_41' title="bbox 2290 1099 2395 1151; baseline 0 0"><span class='ocrx_word' id='word_1_252' title='bbox 2290 1099 2395 1151; x_wconf 89' lang='grc'><strong>550</strong></span> 
     </span>
    </p>
   </div>
   <div class='ocr_carea' id='block_1_8' title="bbox 2283 1527 2386 1582">
    <p class='ocr_par' dir='ltr' id='par_1_30' title="bbox 2283 1527 2386 1582">
     <span class='ocr_line' id='line_1_42' title="bbox 2283 1527 2386 1582; baseline -0.019 0"><span class='ocrx_word' id='word_1_253' title='bbox 2283 1527 2386 1582; x_wconf 88' lang='grc'><strong>555</strong></span> 
     </span>
    </p>
   </div>
   <div class='ocr_carea' id='block_1_9' title="bbox 2285 1963 2388 2015">
    <p class='ocr_par' dir='ltr' id='par_1_31' title="bbox 2285 1963 2388 2015">
     <span class='ocr_line' id='line_1_43' title="bbox 2285 1963 2388 2015; baseline 0 0"><span class='ocrx_word' id='word_1_254' title='bbox 2285 1963 2388 2015; x_wconf 89' lang='grc'><strong>560</strong></span> 
     </span>
    </p>
   </div>
   <div class='ocr_carea' id='block_1_10' title="bbox 2287 2398 2389 2449">
    <p class='ocr_par' dir='ltr' id='par_1_32' title="bbox 2287 2398 2389 2449">
     <span class='ocr_line' id='line_1_44' title="bbox 2287 2398 2389 2449; baseline -0.01 0"><span class='ocrx_word' id='word_1_255' title='bbox 2287 2398 2389 2449; x_wconf 89' lang='grc'><strong>565</strong></span> 
     </span>
    </p>
   </div>
   <div class='ocr_carea' id='block_1_11' title="bbox 2284 2826 2388 2884">
    <p class='ocr_par' dir='ltr' id='par_1_33' title="bbox 2284 2826 2388 2884">
     <span class='ocr_line' id='line_1_45' title="bbox 2284 2826 2388 2884; baseline -0.01 -2"><span class='ocrx_word' id='word_1_256' title='bbox 2284 2826 2388 2884; x_wconf 76' lang='grc'><strong>570</strong></span> 
     </span>
    </p>
   </div>
   <div class='ocr_carea' id='block_1_12' title="bbox 2284 3258 2386 3314">
    <p class='ocr_par' dir='ltr' id='par_1_34' title="bbox 2284 3258 2386 3314">
     <span class='ocr_line' id='line_1_46' title="bbox 2284 3258 2386 3314; baseline -0.01 -2"><span class='ocrx_word' id='word_1_257' title='bbox 2284 3258 2386 3314; x_wconf 75' lang='grc'><strong>575</strong></span> 
     </span>
    </p>
   </div>
   <div class='ocr_carea' id='block_1_13' title="bbox 2693 586 2698 1412">
    <p class='ocr_par' dir='ltr' id='par_1_35' title="bbox 2693 586 2698 1412">
     <span class='ocr_line' id='line_1_47' title="bbox 2693 586 2698 1412; baseline 0 0"><span class='ocrx_word' id='word_1_258' title='bbox 2693 586 2698 1412; x_wconf 95' lang='lat' dir='ltr'><strong> </strong></span> 
     </span>
    </p>
   </div>
   <div class='ocr_carea' id='block_1_14' title="bbox 2691 1587 2700 3807">
    <p class='ocr_par' dir='ltr' id='par_1_36' title="bbox 2691 1587 2700 3807">
     <span class='ocr_line' id='line_1_48' title="bbox 2691 1587 2700 3807; baseline 0 0"><span class='ocrx_word' id='word_1_259' title='bbox 2691 1587 2700 3807; x_wconf 95' lang='lat' dir='ltr'><strong> </strong></span> 
     </span>
    </p>
   </div>
  </div>
 </body>
</html>
