2725 3917
1014 239 1289 290 VERGILI
1334 240 1662 290 AENEIDOS
1706 239 1823 289 VII.

409 400 532 466 Qua
553 400 784 454 Saturae
809 399 951 453 iacet
975 403 1096 453 atra
1121 399 1288 467 palus
1317 398 1638 468 gelidusque
1662 416 1762 468 per
1787 400 1927 453 imas

409 488 639 553 Quaerit
662 487 769 540 iter
795 486 951 540 vallis
977 491 1139 553 atque
1164 487 1220 538 iu
1244 502 1397 539 mare
1425 486 1682 539 conditur
1709 486 1898 539 Ufens.
1922 486 1927 492 ’

478 574 596 626 Hos
619 589 783 641 super
808 571 1035 625 advenit
1059 571 1265 625 Volsca
1289 572 1358 624 de
1384 577 1547 640 gente
1575 571 1821 639 Camilla,

408 658 628 728 Agmen
654 674 822 727 agens
846 658 1093 726 equitum
1119 664 1175 712 et
1200 657 1449 712 florentis
1474 675 1599 712 aere
1625 664 1891 725 catervae,

409 745 691 813 Bellatrix,
720 761 835 798 nou
857 744 954 798 illa
977 743 1101 797 colo
1127 744 1428 798 calathisve
1455 744 1742 798 Minervae

407 833 694 886 Femineas
719 831 948 885 adsueta
972 847 1179 898 manua,
1209 831 1300 884 sed
1328 831 1541 900 proelia
1566 832 1726 899 virgo

406 920 562 973 Dura
584 919 699 988 pati
725 933 1023 987 cursusque
1046 918 1250 987 pedum
1275 923 1626 986 praevertere
1652 924 1866 973 ventos·

408 1006 512 1060 Illa
533 1006 623 1060 vel
648 1006 887 1059 intactae
912 1005 1111 1072 segetis
1134 1020 1234 1073 per
1258 1021 1474 1058 summa
1499 1004 1716 1058 volaret

410 1092 689 1160 Gramina,
718 1108 820 1145 nec
844 1095 1063 1143 teneras
1088 1107 1250 1143 cursu
1275 1090 1524 1144 laesisset
1546 1091 1774 1158 aristas;

409 1179 518 1234 Vel
542 1195 694 1232 mare
717 1194 816 1246 per
840 1177 1082 1230 medium
1105 1176 1276 1230 fluctu
1307 1193 1570 1245 suspensa
1596 1178 1834 1231 tumenti

408 1266 604 1319 Ferret
627 1265 750 1331 iter,
778 1263 970 1317 celeris
992 1280 1096 1316 nec
1125 1263 1369 1334 tingeret
1396 1281 1632 1334 aequore
1657 1265 1890 1334 plantas·

408 1352 567 1406 Illam
592 1350 770 1404 omnis
795 1350 956 1403 tectis
979 1350 1230 1419 agrisque
1255 1350 1430 1405 effusa
1452 1352 1710 1405 iuventus

410 1439 699 1507 Turbaque
724 1438 957 1490 miratur
982 1442 1224 1491 matrum
1253 1443 1310 1490 et
1334 1443 1654 1506 prospectat
1679 1443 1920 1505 euntem,

409 1526 684 1579 Attonitis
709 1524 927 1578 inhians
952 1523 1165 1592 animiS,
1193 1529 1255 1577 ut
1279 1524 1463 1591 regius
1488 1531 1639 1577 ostro

409 1613 577 1667 Velet
601 1613 779 1667 honos
796 1612 934 1664 levis
958 1627 1193 1679 umeros,
1221 1616 1284 1665 ut
1307 1611 1479 1665 fibula
1502 1610 1711 1665 crinem

410 1700 566 1755 Auro
590 1700 941 1767 internectat,
969 1697 1198 1766 Lyciam
1225 1703 1286 1752 ut
1309 1703 1466 1766 gerat
1488 1699 1609 1766 ipsa
1632 1699 1951 1767 pharetram

408 1788 483 1842 Et
504 1787 834 1858 pastoralem
861 1786 1108 1856 praefixa
1133 1785 1357 1855 cuspide
1384 1790 1645 1854 myrtum.

2340 748 2442 799 805

2331 1181 2435 1232 810

2344 1615 2444 1665 815
