2725 3917
1026 918 1083 983 P.
1121 914 1400 983 VERGILI
1450 913 1752 984 MARONIS

834 1100 927 1175 A
996 1101 1069 1173 E
1139 1099 1230 1172 N
1300 1098 1374 1170 E
1447 1097 1492 1171 I
1560 1098 1643 1172 D
1719 1096 1792 1173 O
1869 1097 1924 1173 S

993 1292 1262 1352 LIBER
1318 1291 1770 1354 SEPTIMUS.
1874 1383 1885 1396 ἱ

364 1615 445 1669 Tu
472 1631 689 1684 quoque
717 1615 975 1670 litoribus
1000 1615 1218 1683 nostris,
1249 1614 1463 1668 Aeneia
1485 1613 1692 1682 nutrix,

362 1701 663 1766 Aeternam
688 1702 930 1756 moriens
953 1703 1177 1770 famam,
1207 1702 1411 1770 Caieta,
1441 1701 1672 1770 dedisti3

360 1787 434 1842 Et
458 1805 605 1843 nunc
631 1794 815 1843 servat
839 1789 1019 1843 honos
1042 1789 1229 1843 sedem
1254 1794 1397 1858 tuus,
1427 1804 1657 1857 ossaque
1680 1804 1884 1842 nomen

363 1875 634 1945 Hesperia
657 1876 718 1930 in
742 1892 957 1946 magna,
990 1877 1035 1930 si
1062 1885 1169 1945 qua·
1192 1882 1276 1931 est
1301 1893 1369 1930 ea
1391 1875 1580 1946 gloria,
1608 1875 1802 1944 signat.

359 1962 441 2016 At
464 1964 588 2032 pius
612 1964 882 2033 exsequiis
905 1964 1126 2018 Aeneas
1149 1964 1256 2022 rite
1280 1964 1491 2034 solutis,

360 2050 582 2121 Aggere
606 2055 915 2123 composito
941 2054 1153 2122 tumuli,
1181 2059 1472 2122 postquam
1500 2052 1612 2107 alta
1637 2053 1897 2122 quierunt

359 2138 632 2207 Aequora,
661 2139 844 2193 tendit
868 2140 976 2193 iter
1001 2139 1150 2208 velis,
1178 2144 1513 2208 portumque
1537 2139 1814 2207 relinquit.

357 2222 627 2291 Aspirant
651 2239 818 2277 aurae
841 2224 901 2276 in
927 2227 1164 2292 noctem,
1192 2240 1295 2277 nec
1322 2223 1556 2277 candida
1580 2239 1771 2277 cursus

358 2307 514 2363 Luna
536 2314 715 2379 negat,
746 2309 998 2378 splendet
1022 2310 1257 2364 tremulo
1282 2310 1384 2363 sub
1407 2310 1615 2363 lumine
1632 2315 1854 2379 pontus.

355 2395 617 2452 Proxima
645 2396 905 2453 Circaeae
932 2399 1204 2454 raduntur
1225 2399 1394 2453 litora
1416 2403 1613 2462 terrae,
1720 2439 1725 2446 .

354 2482 526 2539 Dives
545 2485 853 2539 inaccessos
875 2487 972 2540 ubi
998 2486 1141 2540 Solis
1164 2486 1278 2541 filia
1300 2487 1456 2541 lucos

355 2569 607 2626 Adsiduo
632 2577 857 2626 resonat
882 2580 1061 2639 cantu,
1090 2575 1359 2644 tectisque
1385 2574 1637 2643 superbis

354 2656 483 2710 Urit
510 2658 796 2712 odoratam
825 2665 1099 2715 nocturna
1122 2661 1179 2713 in
1204 2660 1414 2714 lumina
1438 2660 1679 2727 cedrum,

355 2744 572 2811 Arguto
597 2745 780 2798 tenuis
804 2762 1129 2814 percurrens
1152 2747 1372 2816 pectine
1397 2747 1549 2800 telas,

353 2828 499 2883 Hinc
524 2831 773 2885 exaudiri
799 2833 1035 2899 gemitus
1056 2834 1278 2902 iraeque
1302 2833 1536 2901 leonum,

351 2915 555 2971 Vincla
577 2923 928 2972 recusantum
954 2926 1011 2973 et
1036 2936 1158 2973 sera
1182 2919 1281 2973 sub
1306 2924 1472 2973 nocte
1496 2918 1809 2987 rudentum,

352 3002 727 3074 Saetigerique
753 3022 876 3059 sues
901 3011 1065 3075 atque
1089 3006 1148 3059 in
1172 3006 1561 3075 praesaepibus
1586 3006 1698 3058 ursi

351 3089 592 3158 Saevire,
621 3108 684 3145 ac
709 3092 918 3146 formae
943 3110 1268 3161 magnorum
1293 3092 1504 3147 ululare
1527 3091 1801 3160 luporum,

352 3176 505 3241 Quos
529 3177 817 3231 hominum
846 3196 914 3232 ex
940 3179 1080 3232 facie
1106 3179 1210 3233 dea
1237 3195 1401 3233 saeva
1424 3177 1745 3247 potentibus
1768 3177 1955 3231 herbis

349 3262 611 3317 Induerat
639 3264 796 3318 Circe
822 3266 879 3317 in
906 3265 1086 3319 voltus
1112 3281 1175 3318 ac
1200 3270 1357 3333 terga
1380 3266 1637 3318 ferarum.

351 3349 504 3414 Quae
528 3367 599 3404 ne
621 3354 872 3405 monstra
893 3351 969 3418 pii
996 3355 1321 3418 paterentur
1344 3351 1478 3404 talia
1501 3350 1672 3403 Troes

347 3433 530 3489 Delati
555 3436 614 3488 in
638 3441 846 3504 portus,
874 3451 982 3488 neu
1005 3435 1171 3489 litora
1193 3435 1316 3489 dira
1339 3435 1601 3502 subirent,

348 3517 643 3588 Neptunus
667 3522 848 3574 ventis
872 3520 1124 3589 implevit
1150 3521 1272 3575 vela
1296 3520 1565 3588 secundiS,

2320 2398 2391 2451 10

2319 2833 2385 2884 15

2313 3266 2383 3316 20
