2725 3917
935 238 1225 289 ‚VERGILI
1271 238 1601 288 AENEIDOS
1643 239 1781 289 VIII.

343 400 469 455 Una
493 417 686 455 omnes
711 416 886 469 ruere,
916 416 981 454 ac
1006 404 1186 453 totum
1213 416 1469 468 spumare
1497 400 1741 454 reductis

344 488 684 541 Convulsum
709 488 877 541 remis
901 487 1200 555 rostrisque
1225 487 1565 541 tridentibus
1589 504 1812 557 aequor.

340 573 476 628 Alta
500 579 733 643 petunt:
774 574 969 643 pelago
995 573 1191 628 credas
1214 574 1412 629 innare
1439 574 1686 629 revulsas

342 661 625 731 CycladaS,
654 666 750 715 aut
773 661 980 715 montis
1003 677 1333 715 concurrere
1356 662 1637 715 montibus
1661 662 1833 716 altos:

341 748 517 803 Tanta
537 749 683 803 mole
708 749 815 802 viri
838 749 1054 802 turritis
1079 748 1356 817 puppibus
1378 749 1603 802 instant.

339 835 586 905 Stuppea
607 835 827 889 flamma
848 852 1018 889 manu
1045 835 1277 904 telisque
1300 834 1526 889 volatile
1551 835 1776 895 ferrum,

340 922 659 991 Spargitur3
700 939 834 976 arva
856 938 1004 975 nova
1027 921 1312 991 Neptunia
1336 921 1506 975 caede
1530 922 1848 977 rubescunt.

339 1009 554 1078 Regina
574 1010 634 1062 in
658 1008 855 1062 mediis
877 1009 1061 1077 patrio
1086 1013 1254 1062 vocat
1278 1008 1500 1077 agmina
1524 1009 1701 1078 sistro,

339 1095 590 1150 Necdum
619 1096 786 1149 etiam
810 1096 1061 1163 geminos
1087 1112 1120 1149 a
1140 1101 1302 1163 tergo
1326 1095 1557 1164 respicit
1579 1095 1788 1164 anguis.

340 1182 816 1251 omnigenumque
841 1181 1006 1235 deum
1029 1186 1280 1236 monstra
1304 1186 1362 1235 et
1386 1182 1619 1236 latrator
1644 1182 1860 1236 Anubis

340 1269 551 1323 Contra
575 1268 898 1337 Neptunum
926 1276 983 1324 et
1006 1271 1288 1326 Venerem
1311 1277 1614 1340 contraque
1639 1271 1941 1326 Minervam

338 1356 468 1410 Tela
491 1360 702 1409 tenent.
778 1356 966 1411 Saevit
987 1358 1172 1412 medio
1195 1358 1256 1411 in
1281 1359 1582 1412 certamine
1605 1357 1828 1412 Mavors

339 1442 594 1496 Caelatus
619 1442 789 1511 ferro,
819 1444 1112 1514 tristesque
1137 1461 1207 1498 ex
1235 1445 1460 1499 aethere
1487 1444 1688 1513 Dirae3

336 1532 411 1585 Et
435 1533 603 1586 scissa
627 1532 872 1599 gaudens
900 1530 1056 1585 vadit
1080 1530 1376 1587 Discordia
1397 1533 1558 1602 palla,

339 1618 519 1684 Quam
545 1636 670 1673 cum
697 1620 997 1687 sanguineo
1024 1618 1272 1688 sequitur
1298 1619 1530 1674 Bellona
1550 1621 1791 1689 fiagello.

335 1705 537 1760 Actius
562 1706 699 1761 haec
724 1722 957 1761 cernens
981 1722 1167 1760 arcum
1194 1706 1520 1762 intendebat
1542 1708 1752 1775 Apollo

334 1792 621 1865 Desuper:
665 1796 845 1849 omnis
868 1814 935 1851 eo
962 1801 1172 1852 terrore
1196 1796 1489 1866 Aegyptus
1511 1800 1569 1849 et
1592 1794 1733 1863 Indi,

339 1880 534 1937 Omnis
558 1883 756 1953 Arabe,
786 1900 981 1938 omnes
1005 1885 1296 1939 vertebant
1318 1890 1478 1952 terga
1501 1881 1727 1950 Sabaei3
1804 1902 1812 1914 ·

335 1970 466 2042 Ipsa
488 1971 780 2026 videbatur
803 1973 984 2026 ventis
1008 1971 1201 2041 regina
1221 1971 1433 2025 vocatis

335 2057 481 2112 Vela
503 2062 649 2131 dare,
679 2068 737 2117 et
759 2063 914 2117 laxos
937 2064 1048 2117 iam
1072 2062 1290 2130 iamque
1311 2061 1616 2117 immittere
1639 2061 1807 2116 funis.

335 2145 494 2201 Illam
521 2149 668 2204 inter
694 2150 888 2204 caedes
913 2150 1211 2219 pallentem
1237 2153 1419 2203 morte
1442 2150 1635 2205 sutura

335 2233 567 2290 Fecerat
591 2236 915 2306 Ignipotens
939 2237 1102 2290 undis
1126 2242 1183 2291 et
1207 2237 1416 2310 Iapyge
1439 2241 1603 2306 ferri3

336 2321 547 2376 Contra
570 2327 754 2377 autem
779 2339 980 2391 magno
1002 2331 1344 2381 maerentem
1370 2344 1600 2396 corpore
1624 2326 1831 2396 Nilum,

336 2407 784 2480 Pandentemque
808 2410 960 2464 sinus
984 2414 1040 2466 et
1064 2416 1185 2466 tota
1209 2417 1363 2467 veste
1389 2418 1676 2467 vocantem

337 2496 661 2553 Caeruleum
687 2500 743 2552 in
772 2499 1037 2569 gremium
1066 2499 1451 2570 latebrosaque
1476 2499 1702 2554 flumina
1724 2501 1917 2554 victos.

336 2584 418 2638 At
443 2584 661 2655 Caesar,
690 2586 898 2655 triplici
925 2586 1178 2642 invectus
1203 2586 1458 2642 Romana
1480 2587 1764 2656 triumpho

333 2671 568 2742 Moenia,
598 2673 683 2727 dis
707 2673 863 2727 Italis
887 2679 1080 2729 votum
1107 2675 1421 2729 immortale
1445 2675 1706 2742 sacrabat,

332 2758 575 2814 Maxima
597 2765 684 2813 ter
708 2766 931 2814 centum
955 2766 1134 2816 totam
1159 2760 1392 2815 delubra
1413 2775 1514 2829 per
1535 2759 1760 2814 Urbem.

333 2837 569 2901 Laetitia
590 2846 845 2916 ludisque
867 2849 991 2902 viae
1016 2848 1323 2917 plausuque
1350 2848 1693 2914 fremebant3

335 2934 605 2987 Omnibus
628 2936 688 2987 in
707 2935 933 3004 templis
956 2940 1196 2989 matrum
1225 2936 1443 3003 chorae,
1473 2935 1729 2990 omnibus
1755 2950 1915 3001 arae3

334 3021 485 3074 Ante
510 3036 632 3075 aras
654 3025 860 3075 terram
886 3021 1032 3074 caesi
1057 3026 1302 3076 stravere
1324 3022 1562 3077 iuvenci.

333 3106 475 3175 Ipse,
502 3107 695 3161 sedens
718 3107 883 3161 niveo
908 3105 1192 3162 candentis
1213 3108 1407 3164 limine
1433 3109 1658 3176 Phoebi,

332 3192 497 3249 Dona
521 3195 867 3264 recognoscit
890 3197 1222 3268 populorum
1253 3202 1517 3266 aptatque
1543 3194 1794 3263 superbis

334 3279 619 3348 Postibus3
658 3283 926 3338 incedunt
952 3285 1130 3339 victae
1152 3283 1320 3350 longo
1346 3280 1538 3337 ordine
1569 3284 1780 3349 gentes,

334 3367 515 3432 Quam
539 3369 723 3423 variae
747 3369 962 3439 linguis,
990 3369 1187 3423 habitu
1213 3376 1329 3422 tam
1351 3368 1526 3422 vestis
1552 3373 1607 3422 et
1631 3370 1810 3424 armis.

333 3451 442 3508 Hic
466 3453 780 3508 Nomadum
805 3472 975 3522 genus
999 3459 1056 3509 et
1078 3454 1373 3508 discinctos
1397 3452 1670 3507 Mulciber
1693 3453 1882 3522 Afros,

334 3537 443 3592 Hic
465 3538 693 3607 Lelegas
719 3539 994 3610 Carasque
1017 3539 1473 3609 sagittiferosque
1498 3538 1742 3593 Gelonos

2277 492 2381 543 690

2275 927 2376 977 695

2269 1362 2374 1416 700

2188 1810 2215 1833 ·
2267 1797 2370 1853 ’705

2265 2241 2369 2293 710

2263 2673 2366 2728 715

2261 3108 2366 3163 720

2261 3536 2363 3592 ’725
