2725 3917
1007 275 1281 324 VERGILI
1331 272 1661 321 AENEIDOS
1707 270 1848 321 VIII.

398 437 618 490 Primus
645 438 713 490 ab
740 437 986 490 aetherio
1013 436 1165 489 venit
1191 435 1462 487 Saturnus
1489 432 1747 499 Olympo,

400 526 573 577 Arma
599 523 745 576 Iovis
771 523 986 591 fugiens
1013 527 1070 576 et
1095 522 1278 589 regnis
1304 520 1459 575 exsul
1489 518 1778 586 ademptis,

403 611 456 664 Is
479 627 649 679 genus
673 610 912 663 indocile
939 626 1004 662 ac
1031 609 1338 676 dispersum
1365 606 1651 659 montibus
1678 604 1804 657 altis

402 698 738 767 Composuit,
767 696 1026 764 legesque
1054 694 1223 761 dedit,
1253 694 1581 761 Latiumque
1606 691 1793 745 vocari

401 785 612 853 Maluit,
641 784 727 837 his
752 783 1009 853 quoniam
1038 781 1290 835 latuisset
1316 785 1471 833 tutus
1494 780 1553 831 in
1584 777 1710 832 oris,

403 873 589 924 Aurea
613 887 751 939 quae
773 869 1081 938 perhibent,
1114 868 1208 920 illo
1237 868 1338 920 sub
1374 882 1504 935 rege
1528 866 1682 918 fuere

401 958 657 1012 Saecula:
698 957 774 1011 sic
798 956 1017 1025 placida
1042 954 1275 1023 populos
1304 954 1359 1005 in
1389 969 1525 1021 pace
1551 952 1814 1020 regebat3

402 1045 657 1100 Deterior
681 1046 857 1099 donec
880 1044 1144 1113 paulatim
1172 1059 1235 1096 ac
1262 1040 1488 1095 decolor
1515 1044 1664 1093 aetas

400 1132 475 1186 Et
498 1133 626 1187 belli
655 1133 833 1186 rabies
857 1139 914 1186 et
938 1148 1095 1185 amor
1122 1129 1383 1182 successit
1409 1126 1667 1180 habendi.

402 1218 540 1271 Tum
565 1235 759 1272 manus
786 1219 1032 1271 Ausonia
1057 1223 1112 1270 et
1136 1221 1329 1284 gentes
1359 1230 1560 1267 venere
1592 1211 1839 1280 Sicanae,

402 1306 632 1374 Saepius
657 1312 713 1359 et
736 1321 941 1358 nomen
968 1305 1153 1372 posuit
1176 1302 1438 1357 Saturnia
1468 1300 1660 1365 tellus3

402 1393 540 1445 Tum
566 1409 723 1458 reges
749 1408 1013 1459 asperque
1039 1390 1263 1444 immani
1295 1404 1530 1457 corpore
1561 1386 1812 1456 Thybris,

403 1479 455 1532 A
484 1495 591 1547 quo
616 1486 742 1547 post
768 1479 893 1531 Itali
920 1478 1147 1531 fiuvium
1177 1476 1503 1545 cognomine
1532 1473 1799 1540 Thybrim

402 1565 684 1633 Diximus3
726 1565 908 1619 amisit
934 1582 1125 1618 verum
1156 1572 1312 1617 vetus
1336 1562 1543 1615 Albula
1583 1575 1805 1613 nomen.

402 1652 493 1705 Me
518 1654 732 1721 pulsum
758 1654 939 1721 patria
963 1651 1249 1721 pelagique
1276 1655 1524 1703 extrema
1558 1651 1877 1715 sequentem

297 1793 308 1802 ,
402 1739 652 1794 Fortuna
678 1741 1025 1808 omnipotens
1051 1745 1106 1793 et
1129 1737 1482 1791 ineluctabile
1510 1735 1690 1789 fatum

404 1827 505 1880 His
529 1843 759 1896 posuere
783 1825 933 1894 lociS,
966 1826 1264 1893 matrisque
1294 1840 1457 1892 egere
1484 1821 1772 1876 tremenda

404 1915 713 1968 Carmentis
739 1913 1033 1982 Nymphae
1059 1913 1271 1966 monita
1294 1917 1353 1964 et
1379 1910 1513 1963 deus
1538 1914 1731 1963 auctor
1764 1907 2020 1976 Ap0110.'’

404 2002 519 2055 Vix
545 2020 609 2055 ea
633 2002 813 2067 dicta;
858 2000 1057 2054 dehinc
1083 2015 1405 2068 progressus
1433 2002 1706 2050 monstrat
1735 2000 1791 2049 et
1820 2011 1971 2049 aram

402 2088 474 2141 Et
501 2087 903 2142 Carmentalem
930 2086 1162 2139 Romani
1199 2086 1424 2139 nomine
1452 2092 1666 2155 portam

404 2175 580 2240 Quam
605 2177 930 2240 memorant,
960 2172 1254 2240 Nymphae
1280 2172 1517 2241 priscum
1553 2173 1865 2228 Carmentis
1890 2174 2174 2240 honorem,

404 2262 565 2314 Vatis
587 2260 864 2327 fatidicae,
896 2259 1095 2312 cecinit
1121 2275 1258 2326 quae
1284 2259 1463 2326 prima
1488 2260 1703 2314 futuros

404 2347 693 2401 Aeneadas
717 2363 945 2414 magnos
971 2350 1028 2399 et
1054 2345 1237 2398 nobile
1262 2345 1628 2400 Pallanteum.

404 2434 549 2488 Hinc
574 2435 758 2488 lucum
784 2435 1079 2502 ingentem,
1112 2449 1272 2501 quem
1300 2432 1566 2486 Romulus
1596 2451 1721 2488 acer
1748 2433 1982 2501 Asylum

404 2522 641 2576 Rettulit
666 2528 722 2576 et
746 2522 926 2590 gelida
952 2526 1223 2574 monstrat
1248 2521 1348 2573 sub
1377 2538 1512 2589 rupe
1545 2521 1829 2589 Lupercal,

402 2610 698 2663 Parrhasio
724 2609 933 2661 dictum
958 2608 1138 2660 Panos
1164 2607 1232 2660 de
1257 2625 1411 2661 more
1439 2608 1656 2675 Lycaei.

403 2695 522 2749 Nec
546 2712 661 2749 non
687 2701 742 2747 et
767 2695 904 2747 sacri
929 2699 1202 2748 monstrat
1227 2711 1420 2748 nemus
1445 2696 1701 2764 Argileti,

403 2781 765 2850 Testaturque
789 2779 989 2848 locum,
1013 2786 1069 2834 et
1093 2781 1264 2834 letum
1292 2781 1456 2835 docet
1480 2781 1716 2851 hospitis
1737 2782 1887 2850 Argi.

403 2869 549 2922 Hinc
575 2868 645 2923 ad
670 2867 958 2936 Tarpeiam
984 2866 1170 2920 sedem
1198 2872 1255 2920 et
1283 2867 1556 2936 Capitolia
1581 2870 1749 2938 ducit,

403 2956 590 3010 Aurea
612 2972 776 3022 nunc,
807 2955 936 3008 olim
965 2954 1312 3008 silvestribus
1340 2956 1566 3011 horrida
1592 2958 1788 3011 dumis,

402 3043 521 3097 Iam
546 3046 663 3095 tum
690 3042 883 3109 religio
907 3042 1140 3110 pavidos
1166 3043 1412 3097 terrebat
1437 3045 1668 3112 agrestis

402 3129 540 3184 Dira
562 3129 700 3195 loci3
741 3129 851 3183 iam
878 3127 998 3182 'tum
1024 3128 1219 3182 silvam
1246 3146 1551 3199 saxumque
1576 3131 1908 3186 tremebant.

406 3218 438 3246 ‘⁴
457 3217 576 3271 Hoc
599 3232 809 3283 nemus,
837 3215 987 3268 hunc
1005 3214 1037 3242 ”
1063 3215 1249 3284 inquit
1276 3216 1594 3270 “frondoso
1622 3218 1830 3272 vertice
1857 3218 2072 3286 collem,

400 3304 609 3369 —Quis
633 3303 767 3356 deus
790 3303 1064 3356 incertum
1092 3302 1465 3357 est-habitat
1491 3304 1658 3369 deus;
1692 3304 1938 3359 Arcades
1962 3305 2140 3373 ipsum

404 3390 651 3445 Credunt
677 3407 734 3443 se
759 3390 961 3443 vidisse
987 3388 1192 3457 Iovem,
1224 3406 1348 3442 cum
1376 3407 1539 3459 saepe
1563 3391 1873 3458 nigrantem

406 3478 618 3545 Aegida
642 3481 964 3530 concuteret
987 3475 1199 3542 dextra,
1227 3476 1555 3544 nimbosque
1581 3481 1767 3531 cieret.

407 3562 554 3616 Haec
580 3563 690 3615 duo
714 3567 999 3630 praeterea
1024 3561 1264 3614 disiectis
1290 3562 1494 3630 oppida
1519 3563 1705 3631 muris,

2338 518 2440 568 320

2339 953 2440 1003 325

2339 1387 2443 1437 330

2337 1822 2440 1873 335

2339 2262 2443 2313 340

2339 2696 2439 2748 345

2337 3133 2440 3184 350

2338 3564 2438 3615 355
