2725 3917
909 253 1186 303 VERGILI
1229 253 1560 303 AENEIDOS
1605 252 1746 303 VIII.

324 413 667 482 Addiderunt,
694 413 864 466 rutuli
887 415 991 467 tris
1013 415 1156 480 ignis
1182 419 1239 468 et
1263 415 1413 469 alitis
1439 414 1663 484 Austri3
2233 415 2341 466 430

320 499 566 568 Fulgores
587 516 737 553 nunc
761 500 1034 554 terrificos
1057 502 1403 570 sonitumque
1426 506 1747 570 metumque

319 586 607 640 Miscebant
630 587 783 655 operi
807 586 1150 656 flammisque
1175 588 1502 657 sequacibus
1523 589 1651 641 iras,

319 672 469 727 Parte
495 674 600 728 alia
624 673 793 727 Marti
818 690 1149 743 currumque
1181 679 1443 743 rotasque
1467 674 1709 727 volucris

318 760 603 831 Instabant,
633 762 831 831 quibus
854 761 950 814 ille
975 761 1138 830 viros,
1172 762 1373 830 quibus
1401 762 1607 815 excitat
1631 762 1834 830 urbes;

318 849 623 918 Aegidaque
646 850 989 918 horriferum,
1022 850 1280 904 turbatae
1304 848 1546 902 Palladis
1570 865 1737 916 arma,
2233 850 2340 902 435

319 935 571 990 Certatim
597 937 838 1005 squamis
859 940 1180 1004 serpentum
1205 952 1449 1004 auroque
1471 935 1734 1004 polibant,

318 1024 664 1092 Conexosque
688 1024 883 1093 anguis
906 1025 1189 1093 ipsamque
1212 1023 1274 1075 in
1295 1027 1524 1091 pectore
1549 1022 1710 1076 divae

317 1111 583 1179 Gorgona,
613 1110 835 1165 desecto
860 1116 1171 1165 vertentem
1203 1109 1417 1163 lumina
1440 1109 1598 1163 collo,

319 1197 556 1251 “Tollite
581 1198 831 1266 cuncta,”
856 1198 1054 1267 inquit,
1088 1199 1122 1226 ‘⁴
1140 1202 1474 1265 coeptosque
1501 1196 1718 1249 auferte
1741 1195 1977 1265 labores,

314 1284 538 1338 Aetnaei
564 1284 849 1354 Cyclopes,
878 1290 935 1339 et
958 1285 1108 1338 hunc
1131 1284 1408 1338 advertite
1437 1288 1714 1337 mentem:
2231 1286 2342 1336 440
2398 1339 2403 1343 ,

311 1372 479 1426 Arma
502 1373 614 1425 acri
637 1372 887 1426 facienda
909 1373 1048 1426 viro.
1126 1371 1291 1423 Nunc
1318 1370 1533 1423 viribus
1557 1386 1703 1439 usus,

311 1457 467 1512 Nunc
489 1459 744 1512 manibus
766 1459 984 1528 rapidis,
1012 1458 1164 1512 omni
1189 1475 1336 1512 nunc
1361 1462 1482 1512 arte
1506 1456 1786 1525 magistra.

309 1544 668 1613 Praecipit-ate
690 1545 928 1599 morae.”
1001 1544 1122 1599 Nec
1145 1545 1307 1612 plura
1333 1545 1561 1611 effatus;
1602 1548 1662 1597 at
1694 1543 1779 1597 illi

310 1631 473 1685 Ocius
495 1633 795 1686 incubuere
818 1648 1012 1686 omnes
1034 1632 1350 1701 pariterque
1383 1632 1628 1685 laborem

307 1717 515 1771 Sortiti.
587 1719 737 1772 Fluit
759 1735 856 1772 aes
878 1718 1012 1772 rivis
1035 1719 1262 1787 aurique
1286 1707 1588 1786 metallum,
2232 1720 2341 1770 445

306 1804 720 1874 Volnificusque
745 1805 971 1872 chalybs
993 1811 1152 1859 vasta
1174 1807 1404 1860 fornace
1433 1807 1705 1875 liquescit.

303 1891 589 1959 Ingentem
615 1892 853 1960 clipeum
876 1892 1196 1960 informant,
1225 1909 1400 1945 unum
1428 1894 1614 1947 omnia
1638 1897 1836 1946 contra

304 1977 432 2032 Tela
454 1978 792 2043 Latinorum,
821 1983 1185 2047 septenosque
1210 1978 1438 2032 orbibus
1462 1979 1612 2033 orbis

302 2064 636 2132 Impediunt.
711 2065 826 2117 Alii
849 2066 1097 2119 ventosis
1119 2065 1343 2119 follibus
1367 2082 1526 2120 auras

300 2151 601 2219 Accipiunt
624 2151 998 2220 redduntque3
1040 2151 1133 2205 alii
1157 2152 1448 2207 stridentia
1481 2154 1706 2222 tingunt
2237 2156 2344 2207 450

302 2237 452 2291 Aera
472 2237 612 2291 lacu.
691 2237 878 2291 Gemit
901 2237 1177 2306 impositis
1202 2238 1495 2293 incudibus
1523 2246 1763 2295 antrum.

297 2323 389 2377 Illi
414 2324 563 2377 inter
587 2341 706 2378 sese
729 2323 906 2378 multa
931 2325 986 2378 vi
1010 2324 1268 2379 bracchia
1291 2326 1496 2381 tollunt

296 2409 367 2464 In
390 2426 699 2478 numerum,
727 2415 1057 2480 versantque
1081 2412 1264 2465 tenaci
1285 2412 1496 2482 forcipe
1522 2431 1777 2469 massam.

368 2498 526 2560 Haec
549 2502 710 2567 pater
735 2498 948 2552 Aeoliis
971 2505 1237 2567 properat
1262 2500 1396 2554 dum
1420 2501 1680 2556 Lemnius
1704 2503 1831 2570 oris,

293 2585 620 2640 Euandrum
647 2602 715 2640 ex
739 2585 936 2639 humili
959 2591 1111 2640 tecto
1135 2586 1230 2639 lux
1254 2588 1485 2641 suscitat
1509 2588 1652 2643 alma
2238 2590 2342 2642 455

292 2671 370 2725 Et
394 2673 660 2727 matutini
686 2673 970 2727 volucrum
993 2674 1094 2727 sub
1119 2673 1356 2728 culmine
1383 2679 1592 2729 cantus.

294 2759 602 2827 Consurgit
626 2759 822 2828 senior,
851 2760 1148 2829 tunicaque
1171 2760 1452 2815 inducitur
1476 2766 1644 2828 artus,

291 2845 373 2900 Et
397 2846 689 2913 Tyrrhena
710 2846 913 2913 pedum
940 2846 1247 2901 circumdat
1274 2848 1497 2902 vincula
1519 2849 1759 2916 plantis3

292 2932 439 2985 Tum
463 2932 628 2986 lateri
651 2940 816 3001 atque
841 2933 1045 2986 umeris
1074 2933 1382 3002 Tegeaeum
1407 2935 1646 3004 subligat
1670 2951 1872 3003 ensem,

288 3018 556 3074 Demissa
579 3020 648 3073 ab
671 3019 829 3073 laeva
851 3020 1154 3087 pantherae
1175 3025 1334 3087 terga
1357 3025 1703 3090 retorquens,
2236 3027 2343 3075 460

288 3106 422 3161 Nec
446 3123 563 3160 non
588 3112 646 3162 et
668 3106 873 3175 gemini
900 3106 1156 3161 custodes
1181 3106 1374 3161 limine
1398 3108 1468 3163 ab
1493 3109 1609 3163 alto

284 3193 652 3248 Praecedunt
676 3210 1030 3263 gressumque
1054 3209 1220 3247 canes
1245 3194 1580 3248 comitantur
1605 3196 1812 3250 erilem.

287 3279 554 3349 Hospitis
577 3280 804 3334 Aeneae
829 3280 1016 3334 sedem
1042 3285 1098 3333 et
1123 3285 1335 3334 secreta
1359 3282 1599 3351 petebat,

284 3365 635 3421 Sermonum
662 3384 874 3420 memor
900 3372 957 3420 et
978 3367 1232 3435 promissi
1256 3368 1517 3436 muneris,
1546 3368 1729 3422 heros.

283 3453 422 3507 Nec
443 3454 631 3507 minus
654 3451 874 3506 Aeneas
896 3470 959 3507 se
983 3453 1292 3507 matutinus
1315 3454 1528 3522 agebat.
2237 3456 2342 3508 465

279 3538 472 3594 Filius
494 3540 627 3593 huic
652 3538 847 3605 Pallas,
876 3539 954 3592 illi
982 3555 1167 3593 comes
1190 3539 1308 3593 ibat
1332 3538 1595 3596 Achates.
1815 3543 1819 3547 ’
