2725 3917
1777 243 1806 255 ν

900 267 1081 319 VERG
1088 270 1176 319 lLI
1220 271 1552 322 AENEIDOS
1598 271 1661 323 V.

272 426 597 499 Expe—d-ipnt,
626 428 943 499 fractosque
965 430 1162 498 legunt
1186 432 1244 484 in
1268 432 1488 499 gurgite
1515 449 1714 488 remos.

272 516 346 567 At
366 514 545 568 laetus
569 514 893 569 Mnestheus
917 533 1280 586 successuque
1306 519 1488 575 acrior
1512 520 1633 587 ipso

271 602 503 668 Agmine
527 618 811 655 remorum
837 603 1003 657 celeri
1030 605 1317 673 ventisque
1345 607 1555 659 vocatis
1657 643 1664 658 .

270 689 445 743 Prona
470 691 613 757 petit
636 690 811 743 maria
836 694 894 743 et
917 689 1112 759 pelago
1138 691 1385 745 decurrit
1409 699 1616 760 aperto.
1673 721 1688 747 ι

270 776 453 840 Qualis
477 776 740 845 spelunca
766 775 952 830 subito
978 784 1257 832 commota
1281 778 1555 846 columba,

270 865 366 918 Cui
390 865 589 919 domus
612 871 670 919 et
694 864 883 920 dulces
908 866 1185 920 latebroso
1210 868 1265 919 in
1293 868 1514 936 pumice
1537 869 1671 937 nidi,

267 951 459 1006 Fertur
481 953 542 1007 in
567 969 700 1007 arva
724 952 930 1017 volans,
960 952 1325 1023 plausumque
1353 955 1618 1010 exterrita
1644 957 1842 1025 pennis

265 1038 371 1092 Dat
392 1043 544 1093 tecto
568 1040 866 1108 ingentem,
894 1056 1027 1094 mox
1053 1047 1179 1094 aere
1205 1041 1359 1110 lapsa
1384 1042 1572 1110 quieto

265 1124 427 1180 Radit
450 1126 558 1180 iter
581 1126 865 1196 liquidum,
896 1127 1088 1181 celeris
1111 1144 1291 1196 neque
1318 1136 1631 1183 commovet
1656 1130 1798 1186 alas:

264 1211 349 1266 Sic
373 1212 708 1282 Mnestheus,
736 1212 815 1267 sic
839 1214 959 1282 ipsa
980 1215 1114 1282 fuga
1139 1220 1289 1267 secat
1315 1214 1512 1269 ultima
1535 1214 1735 1270 Pristis

262 1299 530 1369 Aequora,
559 1301 639 1354 sic
661 1300 814 1355 illam
838 1301 949 1354 fert
972 1301 1213 1369 impetus
1240 1302 1357 1370 ipse
1387 1302 1680 1358 volantem.

260 1385 332 1439 Et
354 1388 592 1455 primum
614 1387 674 1440 in
698 1387 926 1457 scopulo
948 1387 1254 1442 luctantem
1282 1388 1489 1443 deserit
1514 1390 1628 1444 alto

261 1473 574 1539 Sergestum
598 1471 967 1543 brevibusque
993 1455 1149 1529 imis
1175 1476 1493 1544 frustraque
1520 1481 1811 1531 vocantem

260 1560 481 1614 Auxilia
505 1565 563 1614 et
587 1561 777 1615 fractis
801 1562 1106 1615 discentem
1134 1579 1355 1616 currere
1381 1564 1565 1617 remis.

257 1647 389 1701 Inde
416 1648 578 1715 Gyan
600 1648 884 1717 ipsamque
910 1649 1123 1717 ingenti
1152 1649 1297 1703 mole
1324 1649 1670 1704 Chimaeram

258 1733 656 1803 Consequitur:
697 1735 861 1803 cedit,
892 1737 1151 1805 quoniam
1178 1736 1415 1805 spoliata
1438 1737 1703 1804 magistro
1730 1743 1829 1791 est.

257 1819 413 1873 Solus
436 1821 656 1890 iamque
679 1822 800 1890 ipso
826 1829 1076 1891 superest
1099 1824 1157 1876 in
1181 1823 1292 1877 fine
1318 1822 1653 1888 Cloanthus3

257 1907 431 1971 Quem
455 1908 614 1977 pet-it,
643 1911 701 1961 et
724 1910 951 1962 summis
973 1909 1209 1963 adnixus
1238 1909 1447 1962 viribus
1472 1913 1648 1978 urget.

255 1994 388 2047 Tum
416 2011 552 2048 vero
575 1995 883 2063 ingeminat
905 1995 1127 2064 elamor,
1155 1996 1448 2065 cunctique
1477 2001 1798 2065 sequentem

254 2081 526 2149 Iustigant
549 2082 763 2151 studiis,
794 2087 1124 2151 resonatque
1148 2084 1463 2152 fragoribus
1491 2085 1698 2140 aether.

253 2168 327 2220 Hi
350 2168 638 2236 proprium
663 2168 830 2223 decus
854 2176 912 2224 et
937 2175 1159 2239 partum
1185 2171 1545 2240 indignantur
1569 2172 1840 2226 honorem

252 2254 326 2308 Ni
349 2260 595 2324 teneant,
624 2257 905 2326 vitamque
931 2257 1126 2311 volunt
1150 2275 1251 2327 pro
1277 2258 1439 2312 laude
1463 2259 1668 2327 pacisci
1689 2279 1702 2325 3

250 2342 369 2397 Hos
393 2360 674 2398 successus
699 2344 827 2398 alit:
868 2350 1116 2414 possunt,
1147 2346 1275 2414 quia
1298 2363 1461 2415 posse
1485 2347 1762 2401 videntur.

248 2429 322 2483 Et
344 2431 466 2484 fors
491 2431 740 2500 aequatis
767 2433 1042 2500 cepissent
1068 2434 1312 2501 praemia
1338 2434 1550 2501 rostris,

248 2514 324 2569 Ni
347 2516 560 2585 palmas
585 2524 758 2586 ponto
784 2518 1016 2572 tendens
1040 2524 1300 2588 utrasque
1329 2520 1635 2575 Cloanthus

248 2603 613 2673 Fudissetque
637 2621 845 2673 preces,
878 2604 1142 2674 divosque
1168 2607 1229 2659 in
1254 2613 1387 2661 vota
1415 2613 1697 2662 vocasset:

252 2692 285 2719 “
302 2691 393 2760 Di,
424 2692 625 2759 quibus
649 2692 942 2760 imperium
966 2693 1149 2761 pelagi
1177 2697 1276 2761 est,
1307 2710 1540 2763 quorum
1569 2710 1808 2763 aequora
1829 2710 2008 2762 curre,

247 2776 428 2832 Vobis
449 2778 630 2832 laetus
655 2795 757 2846 ego
783 2778 889 2832 hoc
915 2779 1241 2834 candentem
1266 2781 1326 2833 in
1346 2781 1517 2834 ⁴litore
1542 2786 1763 2834 taurum

247 2865 599 2919 Constituam
625 2870 753 2919 ante
777 2882 915 2934 aras,
944 2868 1063 2920 voti
1089 2884 1230 2936 reus,
1262 2873 1498 2936 extaque
1523 2868 1695 2921 salsos

242 2948 550 3004 Porriciam
574 2950 633 3003 in
657 2949 857 3004 fluctus
881 2956 938 3004 et
963 2952 1094 3006 vina
1116 2951 1386 3020 liquentia
1407 2951 1692 3005 fundam.''

240 3035 419 3105 Dixit,
449 3053 685 3105 eumque
709 3037 838 3090 imis
863 3038 964 3092 sub
989 3030 1247 3092 fluctibus
1272 3039 1448 3092 audiit
1479 3039 1659 3092 omnis

240 3123 550 3177 Nereidum
575 3123 885 3193 Phorcique
911 3124 1112 3179 chorus
1134 3125 1503 3193 Panopeaque
1526 3125 1700 3195 virge,

237 3209 312 3263 Et
336 3216 502 3279 pater
526 3211 648 3278 ipse
676 3227 844 3265 manu
870 3228 1072 3279 magna
1095 3211 1381 3265 Portunus
1407 3216 1633 3265 euntem

234 3295 501 3366 Impulit;
542 3297 642 3352 illa
667 3297 821 3353 Noto
846 3298 1009 3352 citius
1036 3299 1355 3367 volucrique
1383 3300 1587 3366 sagitta

232 3383 335 3438 Ad
356 3389 572 3440 terram
597 3384 758 3453 fugit,
788 3388 846 3438 et
869 3390 1036 3454 portu
1062 3402 1119 3438 se
1145 3385 1394 3440 condidit
1418 3386 1548 3440 alto,

230 3469 383 3528 Tm
400 3476 563 3528 ntus
587 3470 852 3538 Anchisa,
882 3472 1096 3526 cunctis
1122 3489 1191 3525 ex
1214 3488 1373 3525 more
1400 3472 1627 3540 vocatis,

228 3553 537 3618 vm
561 3573 765 3627 magna
788 3559 1079 3627 praeconis
1102 3574 1239 3611 voce
1267 3557 1602 3611 Cloanthum

368 3655 415 3714 ι
1555 3660 1565 3669 .

152 3807 347 3890 .ῃ··“ς““,.-·-
484 3887 513 3890 υ

2200 524 2308 576 210

2196 961 2304 1012 2¹5

2193 1395 2304 1445 520

2192 1827 2303 1877 225

2190 2262 2302 2313 230

2188 2697 2294 2749 235

2189 3130 2295 3181 240
