2725 3917
949 226 1227 279 VERGILI
1270 226 1600 279 AENEIDOS
1641 228 1710 279 ΙΙ.

309 392 386 447 Et
408 396 719 447 monstrum
741 390 935 445 infelix
958 394 1173 445 sacrata
1192 390 1438 444 sistimus
1461 406 1604 446 arce.
2236 394 2344 447 245

306 480 463 533 Tune
488 479 656 533 etiam
678 478 813 532 fatis
837 479 1013 547 aperit
1038 477 1348 531 Cassandra
1369 478 1573 530 futuris

308 566 440 635 Ora,
467 566 559 621 dei
582 566 734 619 iussu
758 581 873 619 non
893 581 1158 633 umquam
1181 565 1394 618 credita
1418 564 1657 620 Teucris·

307 651 366 706 N
367 669 428 707 os
452 652 685 707 delubra
704 652 873 706 'deum
895 652 1097 720 miseri,
1126 653 1325 721 quibus
1349 651 1576 705 ultimus
1600 657 1745 706 esset

308 740 411 794 Ille
435 740 568 808 dies,
595 739 738 793 festa
759 738 1007 793 velamus
1022 738 1227 792 fronde
1249 755 1349 807 per
1374 739 1583 792 urbem.
1705 735 1733 816 Χ

380 826 641 880 Vertitur
662 827 879 879 interea
901 824 1114 878 eaelum
1138 829 1197 878 et
1218 826 1333 879 ruit
1357 842 1567 879 oceano
1591 826 1738 896 Nox,
2237 829 2346 881 250

309 913 609 967 Involvens
630 913 831 967 umbra
853 927 1054 979 magna
1075 916 1389 981 terramque
1413 912 1712 981 polumque

309 999 830 1069 Myrmidonumque
852 997 1011 1052 dolos
1029 1016 1044 1065 3
1082 999 1191 1051 fusi
1215 1015 1315 1068 pes·
1337 1000 1564 1053 moenia
1586 999 1780 1054 Teucri

304 1087 678 1155 ‚Conticuer03
719 1103 886 1155 sopor
906 1086 1088 1140 fessos
1110 1085 1498 1154 complectitur
1521 1091 1692 1140 artus.

310 1175 382 1228 Et
403 1176 518 1229 iam
542 1173 754 1243 Argiva
775 1172 1019 1241 phalanx
1042 1172 1327 1226 instructis
1350 1173 1585 1227 navibus
1608 1173 1728 1227 ibat

308 1262 366 1315 A
388 1260 627 1329 Tenedo,
653 1260 857 1313 tacitae
881 1275 981 1327 per
1005 1259 1182 1313 amica
1205 1259 1422 1313 silentia
1444 1260 1607 1314 lunae
1785 1289 1788 1290 ν
2238 1262 2345 1313 255

310 1348 502 1403 Litora
523 1351 661 1401 nota
681 1353 888 1415 petens,
915 1346 1164 1400 flammas
1189 1363 1315 1400 eum
1339 1347 1492 1415 regia
1511 1348 1712 1417 puppis

307 1435 615 1502 Extulerat,
641 1434 877 1501 fatisque
900 1433 1063 1487 deum
1088 1433 1351 1487 defensus
1373 1434 1574 1503 iniquis

311 1521 561 1576 Inclusos
582 1525 744 1574 utero
767 1519 992 1574 Danaos
1016 1525 1075 1575 et
1096 1521 1261 1589 pinea
1285 1520 1478 1575 furtim

309 1610 487 1664 Laxat
508 1609 748 1663 claustra
772 1608 962 1663 Sinon.
1035 1608 1171 1663 Illos
1193 1610 1504 1677 patefactus
1527 1610 1598 1663 ad
1622 1627 1784 1664 auras

309 1696 516 1751 Reddit
540 1712 726 1765 equae,
747 1695 989 1764 laetique
1013 1710 1153 1749 cavo
1176 1711 1235 1748 se
1257 1696 1460 1749 robore
1483 1701 1747 1764 promunt
2239 1700 2345 1751 260

310 1783 688 1838 Thessandrus
712 1781 1113 1851 Sthenelusque
1137 1782 1307 1836 duces
1330 1787 1389 1835 et
1411 1782 1564 1835 dirus
1587 1782 1795 1850 Ulixes,

307 1871 623 1926 Demissum
650 1872 792 1941 lapsi
815 1889 919 1942 per
938 1874 1146 1938 funem,
1176 1871 1535 1939 Acamasque,
1565 1869 1867 1938 Thoasque,

309 1957 632 2028 Pelidesque
657 1959 1068 2028 Neoptolemus,
1095 1960 1419 2028 primusque
1439 1957 1729 2026 Machaon,

307 2044 383 2098 Et
405 2044 706 2116 MenelauS,
736 2053 794 2100 et
815 2047 934 2115 ipse
956 2047 1071 2101 doli
1094 2046 1391 2100 fabricator
1414 2045 1617 2113 Epeus.

308 2133 590 2189 Invadunt
614 2137 806 2191 urbem
831 2152 1026 2190 somno
1050 2137 1289 2205 vinoque
1314 2135 1584 2203 sepultam
1605 2152 1620 2201 ς
2237 2134 2346 2185 265

310 2221 634 2276 Caeduntur
656 2223 864 2291 vigiles,
892 2223 1178 2292 portisque
1201 2222 1525 2291 patentibus
1549 2221 1730 2275 omnis

309 2308 611 2377 Accipiunt
631 2309 810 2363 socios
833 2314 999 2377 atque
1022 2310 1241 2378 agmina
1265 2308 1487 2363 conscia
1507 2309 1761 2376 iungunt.

376 2394 620 2464 Tempus
644 2400 777 2464 erat,
808 2413 917 2465 quo
941 2397 1122 2465 prima
1146 2397 1299 2465 quies
1321 2395 1650 2449 mortalibus
1675 2394 1851 2462 aegris

306 2479 513 2551 Incipit
537 2486 596 2535 et
620 2482 768 2536 dono
791 2482 977 2536 divom
1002 2483 1312 2559 gratissima
1334 2484 1521 2552 serpit.

307 2567 371 2620 In
398 2569 623 2638 somnis,
653 2585 798 2634 ecee,
826 2574 954 2623 ante
980 2570 1166 2623 oeulos
1190 2570 1584 2623 maestissimus
1608 2567 1818 2622 Hector
2237 2565 2345 2621 270

305 2654 476 2709 Visus
501 2655 691 2709 adesse
714 2655 868 2723 mihi,
896 2656 1185 2724 largosque
1209 2656 1492 2710 effundere
1515 2655 1708 2721 fletus3

307 2740 584 2810 Raptatus
606 2742 764 2810 bigis,
792 2743 1172 2814 unz-qnondam,
1201 2748 1427 2812 aterque
1452 2748 1684 2797 cruento

306 2827 562 2898 Pulvere,
590 2846 798 2899 perque
824 2823 993 2898 pedes
1017 2830 1281 2883 traiectus
1304 2829 1425 2883 lora
1448 2829 1727 2882 tumentia

305 2913 373 2969 Ei
397 2916 552 2985 mihi,
583 2915 761 2984 qualis
785 2918 935 2970 erat!
980 2921 1244 2984 quantum
1267 2920 1513 2969 mutatus
1539 2916 1607 2969 ab
1630 2915 1728 2968 illo

306 3002 563 3071 Hectore,
593 3004 689 3072 qui
714 3003 860 3056 redit
884 3004 1107 3057 exuvias
1131 3003 1357 3056 indutus
1382 3002 1604 3070 Achilli,
2239 3000 2344 3055 275

307 3089 415 3143 Vel
437 3090 700 3144 Danaum
724 3088 995 3158 Phrygios
1017 3090 1286 3144 iaculatus
1307 3090 1588 3159 puppibus
1611 3089 1782 3157 ignis!

306 3175 661 3245 Squalentem
685 3176 914 3230 barbam
941 3180 996 3229 et
1021 3182 1307 3231 concretos
1328 3176 1592 3244 sanguine
1617 3175 1784 3229 crinis

307 3259 663 3332 Volneraque
687 3262 784 3316 illa
807 3279 1016 3331 gerens,
1046 3280 1184 3331 quae
1209 3263 1416 3316 circum
1440 3263 1677 3330 plurima
1700 3276 1889 3313 muros

306 3348 539 3419 Accepit
561 3350 793 3419 patrios.
870 3348 1032 3402 Ultro
1056 3349 1191 3403 flens
1216 3350 1333 3418 ipse
1358 3350 1587 3403 videbar

304 3431 657 3508 Gmcllare
680 3435 861 3489 virum
887 3439 946 3488 et
969 3439 1206 3489 maestas
1231 3451 1555 3503 expromere
1581 3451 1773 3488 voces:
2235 3432 2344 3482 280

302 3511 535 3590 “ff-M
552 3520 885 3589 Dardaniae,
914 3536 1045 3589 spes
1063 3537 1096 3574 ο
1120 3520 1388 3574 fidissima
1410 3520 1707 3588 Teucrum,
