2725 3917
970 904 1029 970 P.
1056 901 1334 971 VERGILI
1373 901 1675 973 MARoms

825 1083 1825 1162 AENEIDOS

931 1279 1203 1341 LIBER
1256 1277 1701 1355 QUARTUS.

287 1606 371 1661 At
393 1605 595 1675 regina
617 1602 775 1675 gravi
797 1602 1114 1660 iamdudum
1139 1605 1324 1660 saucia
1346 1621 1480 1660 cura

291 1692 514 1749 Volnus
537 1692 641 1747 alit
662 1691 834 1761 venis,
861 1697 919 1747 et
941 1679 1108 1747 c‘aeco
1131 1692 1374 1761 carpitur
1396 1693 1530 1761 igni.

292 1779 473 1834 Multa
492 1778 607 1852 viri
630 1778 807 1833 virtus
829 1779 1034 1848 animo,
1058 1779 1375 1849 multusque
1397 1782 1646 1833 recursat

295 1868 491 1923 Gentis
511 1868 729 1935 honos3
768 1867 1001 1922 haerent
1024 1867 1182 1921 infixi
1205 1874 1433 1937 pectore
1455 1867 1641 1921 voltus

296 1949 611 2024 Verbaque,
636 1969 742 2007 nec
765 1952 1038 2022 placidam
1061 1953 1325 2009 membris
1348 1954 1444 2026 dat
1467 1970 1601 2008 cura
1624 1952 1879 2022 quietem.

296 2042 530 2097 Postera
551 2040 817 2095 Phoebea
838 2040 1110 2098 lustrabat
1131 2043 1386 2114 lampade
1410 2048 1587 2098 terras

298 2129 703 2198 Umentemque
730 2127 950 2184 Aurora
970 2130 1099 2199 polo
1123 2131 1435 2186 dimoverat
1458 2130 1726 2196 umbram,

297 2219 432 2275 Gum
458 2222 540 2277 sic
557 2220 879 2294 unanimam
902 2221 1219 2293 adloquitur
1241 2220 1385 2275 male
1408 2235 1544 2274 sana
1566 2236 1841 2275 sororem:

299 2308 333 2337 “
346 2307 517 2363 Anna
540 2325 712 2379 soror,
741 2326 879 2379 quae
901 2326 992 2365 me
1010 2326 1329 2380 suspensam
1351 2310 1631 2365 insomnia
1652 2309 1897 2364 terrent!

293 2395 429 2461 Quis
450 2412 632 2451 novus
653 2394 747 2451 hic
771 2398 977 2452 nostris
999 2398 1263 2453 successit
1284 2397 1507 2453 sedibus
1529 2397 1744 2466 hospeS,

292 2481 470 2548 Quem
495 2500 612 2538 sese
635 2500 732 2538 ore
754 2485 951 2552 ferens,
978 2501 1144 2555 quam
1166 2485 1301 2539 forti
1325 2489 1549 2552 pectore
1573 2488 1631 2539 et
1654 2484 1850 2538 armis!

291 2567 476 2624 Oredo
502 2571 774 2641 equidem,
798 2589 904 2627 nec
930 2588 1073 2627 vana
1094 2571 1246 2640 fides,
1273 2588 1448 2641 genus
1473 2587 1590 2626 esse
1613 2571 1859 2627 deorum.

287 2654 607 2725 Degeneres
630 2659 845 2713 animos
867 2660 1037 2714 timor
1061 2659 1259 2728 arguit.
1333 2658 1475 2727 Heu,
1504 2659 1701 2729 quibus
1724 2658 1818 2713 ille

285 2740 534 2798 Iactatus
555 2745 719 2799 fatis!
762 2761 903 2815 quae
925 2746 1072 2801 bella
1096 2746 1363 2801 exhausta
1386 2747 1648 2801 canebat!

287 2828 346 2883 Si
369 2831 511 2886 mihi
531 2848 650 2886 non
673 2832 858 2887 animo
879 2833 1053 2887 fixum
1077 2833 1479 2902 immotumque
1503 2832 1733 2901 sederet,
1769 2849 1784 2902 ς,

285 2915 374 2971 Ne
399 2918 492 2972 cui
514 2935 605 2972 me
627 2919 814 2974 vinclo
839 2919 1038 2975 vellem
1064 2920 1274 2975 sociare
1297 2920 1482 2988 iugali,
1778 2909 1784 2920 ²

283 3003 588 3075 Postquam
611 3006 825 3076 primus
847 3024 1002 3062 amor
1025 3008 1317 3076 deceptam
1337 3010 1521 3062 morte
1543 3004 1772 3075 fefellit3

285 3090 343 3146 Si
364 3110 482 3148 non
506 3099 824 3164 pertaesum
846 3096 1081 3151 thalami
1103 3095 1411 3165 taedaeque
1433 3095 1649 3162 suisset,

283 3178 429 3236 Huic
450 3182 552 3236 uni
575 3182 773 3237 forsan
796 3183 954 3252 potui
978 3184 1333 3238 succumbere
1357 3181 1567 3251 culpae.

283 3265 464 3336 Anna,
490 3267 723 3324 fatebor
746 3269 910 3337 enim,
938 3270 1125 3324 miseri
1147 3273 1277 3339 post
1300 3270 1417 3323 fata
1439 3268 1675 3336 Sychaei

282 3352 549 3425 coniugis
572 3360 634 3410 et
657 3372 884 3424 sparsos
905 3357 1156 3411 fraterna
1181 3356 1349 3412 caede
1375 3356 1615 3423 Penatis,

276 3438 441 3500 Soka
458 3441 555 3500 hie
576 3442 804 3497 inflexit
825 3458 1027 3512 sensus,
1056 3443 1411 3513 animumque
1434 3442 1711 3496 labantem

270 3525 521 3604 m
593 3529 868 3600 Agnosco
890 3531 1098 3586 veteris
1119 3530 1355 3599 vestigia
1378 3529 1648 3583 flammae.

264 3631 577 3686 mmm„

156 3859 179 3878 -
202 3827 231 3868 ι.
268 3837 319 3878 ιι.
330 3849 371 3878 ..Ι

1785 2929 1802 2990 ’κ

1951 2235 2008 2339 Σ]
2031 2247 2060 2268 ι·
2083 2227 2094 2282 ,’

2259 2398 2328 2450 10

2256 2833 2323 2886 15

2238 3268 2322 3319 -20
