2725 3917
927 262 1206 314 VERGILI
1249 263 1578 316 ammos
1622 266 1687 317 11.

290 421 410 478 Nec
431 422 615 477 dubiis
640 438 707 477 ea
731 423 888 493 signa
909 424 1065 479 dedit
1088 425 1339 480 Tritonia
1360 428 1642 482 monstris.

290 509 404 565 Vix
427 512 672 580 positum
695 511 890 565 castris
912 512 1298 567 simulacrum:
1338 530 1522 568 arsere
1546 531 1808 571 coruscae

288 596 612 651 Luminibus
635 596 890 651 flammae
916 600 1160 668 arrectis,
1190 600 1469 670 salsusque
1493 618 1595 669 per
1619 606 1774 656 artus

289 683 470 737 Sudor
493 684 576 752 iit,
604 688 800 753 terque
822 684 942 753 ipsa
967 684 1412 740 solo—mirabile
1439 688 1665 742 dictu—-

288 771 545 839 Emicuit,
568 786 929 840 parmamque
952 788 1148 841 gerens
1172 772 1497 843 hastamque
1524 780 1874 830 trementem.

288 857 588 927 Extemplo
612 859 933 926 temptanda
953 859 1087 927 fuga
1110 860 1262 914 canit
1286 877 1530 929 aequora
1556 862 1803 931 Calchas,

290 945 409 1000 Nec
432 961 593 1013 posse
620 944 895 1014 Argolicis
919 945 1165 1000 exscindi
1191 946 1462 1015 Pergama
1486 947 1628 1018 telis,

291 1032 494 1086 Omina
517 1033 575 1084 ni
598 1036 852 1101 repetant
876 1032 1059 1109 Argis,
1085 1050 1402 1104 numenque
1428 1034 1711 1106 reducant,

291 1120 450 1184 Quod
475 1120 673 1189 pelago
698 1125 754 1174 et
779 1121 964 1174 curvis
987 1138 1171 1177 secum
1200 1139 1435 1178 avexere
1454 1124 1670 1178 carinis.

289 1207 363 1260 Et
386 1224 551 1274 nunc,
582 1207 727 1275 quod
753 1207 962 1276 patrias
984 1214 1154 1263 vento
1180 1211 1392 1279 petiere
1418 1210 1695 1280 Mycenae,
1709 1197 1740 1204 ’-

291 1293 466 1347 Arma
487 1293 730 1362 deosque
752 1299 950 1362 parant
973 1296 1218 1364 comites,
1248 1296 1552 1367 pelagoque
1575 1314 1831 1352 remenso

290 1381 584 1450 Improvisi
610 1380 858 1436 aderunt.
932 1380 1021 1436 Ita
1042 1383 1241 1453 digerit
1265 1386 1454 1438 omina
1478 1384 1723 1439 Calchas.

291 1469 449 1524 Hanc
473 1485 576 1538 pro
602 1468 850 1524 Palladio
875 1470 1088 1539 moniti,
1116 1488 1220 1540 pro
1241 1473 1467 1527 numine
1491 1472 1641 1527 laeso

290 1555 537 1625 Effigiem
565 1559 823 1626 statuere,
853 1558 1007 1613 nefas
1030 1575 1169 1628 quae
1193 1559 1352 1613 triste
1376 1560 1573 1626 piaret.

178 1701 181 1702 ⁷
292 1642 450 1697 Hanc
473 1648 664 1697 tamen
688 1642 1009 1698 immensam
1040 1644 1272 1700 Calchas
1299 1645 1551 1700 attollere
1577 1646 1782 1700 molem

293 1730 606 1785 Roboribus
628 1731 799 1785 textis
824 1732 1082 1802 caeloque
1108 1732 1340 1787 educere
1370 1734 1545 1810 iussit,

291 1816 377 1876 Ne
401 1817 572 1886 recipi
597 1819 791 1887 portis,
822 1823 917 1874 aut
941 1819 1068 1874 duci
1092 1820 1150 1873 in
1177 1821 1398 1874 moenia
1423 1822 1614 1888 possit,

291 1903 413 1958 Neu
437 1904 702 1974 populum
729 1906 954 1975 antiqua
979 1907 1080 1961 sub
1104 1906 1369 1975 religione
1392 1908 1557 1960 tueri.

289 1991 436 2046 Nam
461 1992 507 2044 si
530 1983 714 2047 uestra
737 2009 932 2047 manus
954 1993 1217 2048 violasset
1242 1993 1391 2047 dona
1414 1992 1715 2062 Minervae,

289 2077 424 2132 Tum
451 2094 709 2148 magnum
735 2080 1182 2150 exitium—quod
1209 2080 1267 2133 di
1291 2081 1446 2149 prius
1471 2097 1630 2135 omen
1655 2082 1713 2135 in
1739 2082 1918 2150 ipsum

289 2165 630 2221 Convertant
644 2165 945 2222 l-Priami
968 2167 1203 2236 imperio
1226 2166 1647 2236 Phrygibusque
1671 2168 1915 2221 futurum
1934 2187 1948 2236 ς

289 2252 383 2307 Sin
407 2254 662 2309 manibus
685 2254 884 2309 vestris
908 2259 1146 2308 vestram
1172 2254 1506 2308 ascendisset
1529 2254 1587 2307 in
1613 2254 1822 2322 urbem,

288 2338 448 2395 Ultro
472 2342 665 2395 Asiam
690 2357 893 2411 magno
915 2340 1157 2409 Pelopea
1180 2340 1250 2394 ad
1276 2342 1494 2395 moenia
1520 2341 1663 2395 bello

286 2424 612 2497 Venturam,
642 2433 699 2482 et
725 2432 946 2482 nostros
970 2443 1036 2482 ea
1059 2428 1174 2482 fata
1198 2444 1423 2481 manere
1447 2427 1732 2496 nepotes.’‘

353 2515 576 2571 Talibus
599 2517 812 2572 insidiis
835 2518 1150 2587 periurique
1178 2521 1298 2571 arte
1324 2516 1547 2569 Sinonis

286 2603 510 2659 Credita
533 2621 636 2673 res,
664 2605 922 2674 captique
947 2604 1090 2659 dolis
1113 2604 1461 2672 lacrimisque
1487 2603 1706 2671 coactis,

286 2690 434 2756 Quos
458 2708 637 2761 neque
663 2690 917 2759 Tydides,
947 2708 1049 2747 nec
1073 2691 1360 2746 Larisaeus
1386 2688 1648 2756 Achilles,

283 2777 408 2832 Non
434 2779 567 2833 anni
593 2779 857 2832 domuere
882 2778 1088 2848 decem,
1118 2795 1228 2832 non
1258 2777 1406 2831 mille
1430 2776 1664 2830 carinae.

349 2865 457 2920 Hic
482 2864 633 2919 aliud
656 2865 835 2919 maius
859 2865 1073 2920 miseris
1098 2866 1381 2935 multoque
1407 2863 1754 2919 tremendum

283 2951 534 3008 Obicitur
556 2953 747 3021 magis,
778 2957 943 3022 atque
967 2952 1277 3021 improvida
1302 2958 1529 3022 pectora
1554 2950 1759 3005 turbat.

280 3038 551 3108 Laocoon,
581 3038 782 3093 ductus
805 3037 1071 3108 Neptuno
1094 3044 1243 3093 sorte
1269 3040 1537 3106 sacerdes,

281 3125 572 3180 Sollemnis
595 3130 820 3180 taurum
845 3126 1122 3194 ingentem
1151 3127 1431 3180 mactabat
1460 3126 1529 3179 ad
1555 3142 1692 3180 aras.

279 3211 417 3267 Ecce
442 3218 629 3268 autem
657 3212 860 3281 gemini
887 3229 921 3267 a
944 3211 1168 3266 Tenedo
1186 3212 1490 3281 ‚tranquilla
1517 3230 1614 3281 per
1640 3213 1826 3266 alta·-

280 3298 556 3354 Horroeco
580 3299 1179 3353 referens—immensis
1204 3300 1431 3353 orbibus
1457 3315 1661 3367 angues

278 3383 613 3441 Incumbunt
638 3385 850 3455 pelage,
880 3385 1192 3454 pariterque
1218 3386 1287 3439 ad
1311 3387 1477 3439 litora
1500 3385 1769 3453 tendunt;

276 3469 512 3532 Pedem
536 3488 776 3543 quorum
801 3471 949 3525 inter
973 3470 1170 3526 fluctus
1196 3478 1411 3527 arrecta
1435 3472 1705 3540 iubaeque

272 3555 625 3662 m
648 3563 916 3628 superant
934 3558 1135 3628 undas3
1176 3576 1303 3629 pars
1327 3564 1512 3613 cetera
1535 3561 1768 3626 pontum

2221 777 2322 835 175

2220 1216 2322 1267 180

2220 1649 2321 1702 185

2221 2085 2320 2137 190

2215 2519 2317 2570 195

2211 2952 2317 3008 200

2210 3385 2314 3436 205
