2725 3917
1073 234 1347 285 VERGILI
1394 232 1723 284 AENEIDOS
1765 235 1805 285 1.

412 395 684 449 Aetheria
708 411 844 464 quos
866 394 1020 463 lapsa
1042 395 1205 464 plaga
1227 395 1377 450 Iovis
1401 395 1512 450 ales
1536 401 1731 465 aperto

412 481 692 535 Turbabat
718 481 901 550 caelo;
942 499 1088 536 nunc
1113 488 1291 536 terras
1315 483 1508 536 ordine
1531 483 1701 550 longo

410 567 531 620 Aut
556 583 750 635 capere
774 572 870 621 aut
895 574 1081 637 captas
1107 569 1217 622 iam
1243 568 1565 637 despectare
1592 569 1881 624 videntur:

412 653 492 707 Ut
515 652 741 707 reduces
768 654 850 707 illi
871 654 1072 708 ludunt
1096 655 1459 709 stridentibus
1484 655 1598 722 aliS,

410 739 484 792 Et
508 745 668 793 coetu
693 740 913 794 cinxere
939 740 1143 810 polum,
1172 746 1477 810 cantusque
1502 741 1720 810 dedere,

411 824 575 879 Haud
598 825 757 879 aliter
779 843 1096 895 puppesque
1120 832 1249 881 tuae
1272 828 1555 897 pubesque
1579 832 1801 881 tuorum

399 911 528 981 'Aut
551 918 770 981 portum
798 918 964 982 tenet,
993 920 1089 968 aut
1111 915 1277 983 pleno
1300 915 1448 968 subit
1474 914 1615 968 ostia
1638 916 1777 968 velo,

409 998 585 1067 Perge
610 999 791 1068 modo,
821 1006 892 1070 et,
922 1017 1030 1070 qua
1051 1006 1109 1055 te
1133 1001 1285 1055 ducit
1308 1002 1414 1069 via,
1444 1001 1631 1069 derige
1656 999 1954 1069 gressum.’'

478 1085 650 1154 Dixit,
679 1091 736 1140 et
762 1092 1018 1140 avertens
1041 1103 1200 1141 rosea
1224 1088 1437 1141 cervice
1463 1088 1697 1155 refulsit,

408 1169 844 1239 Ambrosiaeque
869 1186 1058 1224 comae
1082 1170 1332 1223 divinum
1361 1172 1568 1225 vertice
1594 1172 1822 1225 odorem

408 1255 713 1323 Spiravere,
742 1254 913 1323 pedes
937 1254 1107 1308 vestis
1133 1254 1364 1308 defluxit
1392 1256 1462 1309 ad
1486 1257 1641 1324 imos,

407 1340 480 1393 Et
505 1357 635 1393 vera
657 1341 871 1394 incessu
895 1340 1076 1408 patuit
1101 1340 1219 1395 dea.
1296 1341 1399 1396 Ille
1424 1342 1519 1395 ubi
1556 1348 1789 1396 matrem

408 1427 668 1495 Agnovit,
697 1425 796 1480 tali
820 1426 1125 1495 fugientem
1154 1432 1237 1481 est
1258 1445 1393 1483 voce
1418 1434 1663 1483 secutus:

411 1516 445 1544 ‘⁶
464 1514 612 1580 Quid
635 1520 828 1568 natum
852 1516 1072 1584 totienS,
1102 1516 1339 1570 crudelis
1363 1522 1426 1571 tu
1452 1533 1682 1585 quoque,
1709 1514 1864 1568 falsis

406 1600 575 1653 Ludis
598 1601 959 1669 imaginibus?
997 1618 1096 1656 cur
1120 1602 1348 1658 dextrae
1373 1602 1599 1671 iungere
1625 1602 1874 1655 dextram

406 1686 537 1740 Non
561 1686 722 1740 datur
747 1704 810 1742 ac
835 1705 992 1742 veras
1016 1689 1206 1744 audire
1231 1694 1287 1743 et
1310 1689 1542 1743 reddere
1565 1689 1766 1742 voces?
1789 1687 1822 1716 ”

406 1774 626 1827 Talibus
650 1775 880 1843 incusat,
910 1792 1263 1846 gressumque
1289 1776 1358 1830 ad
1384 1776 1606 1830 moenia
1628 1774 1826 1828 tendit.

406 1862 487 1916 At
514 1863 704 1918 Venus
729 1866 963 1919 obscuro
986 1863 1287 1933 gradientis
1313 1870 1440 1916 aere
1468 1862 1683 1930 saepsit,

404 1948 477 2003 Et
503 1951 676 2005 multo
703 1951 934 2005 nebulae
959 1951 1166 2005 circum
1193 1950 1298 2003 dea
1323 1948 1467 2002 fudit
1493 1948 1714 2016 amictu,

405 2036 643 2091 Cernere
666 2054 737 2091 ne
762 2039 884 2107 quis
908 2054 1016 2103 eos,
1046 2054 1155 2091 neu
1180 2037 1301 2105 quis
1326 2035 1645 2101 contingere
1669 2040 1874 2102 posset,

404 2121 659 2177 Molirive
684 2140 913 2191 moram,
944 2128 1040 2177 aut
1065 2121 1574 2189 veniendi-poscere
1599 2137 1804 2174 causas,

403 2207 531 2277 Ipsa
552 2209 805 2278 Paphum
834 2209 1082 2264 sublimis
1105 2209 1237 2274 abit,
1269 2208 1536 2276 sedesque
1561 2207 1755 2261 revisit

402 2294 576 2350 Laeta
598 2313 737 2365 suas,
765 2297 860 2351 ubi
885 2297 1153 2366 templum
1178 2296 1276 2366 illi,
1306 2300 1639 2364 centumque
1665 2293 1876 2347 Sabaeo

402 2381 547 2436 Ture
570 2383 751 2438 calent
775 2400 901 2438 arae
926 2385 1193 2454 sertisque
1217 2382 1533 2437 recentibus
1556 2380 1763 2435 halant.

474 2470 805 2540 Corripuere
829 2471 973 2525 viam
998 2471 1225 2538 interea,
1256 2486 1364 2539 qua
1388 2469 1582 2523 semita
1603 2471 1893 2521 monstrat.

400 2552 629 2625 Iamque
655 2556 1025 2611 ascendebant
1049 2556 1261 2624 collem,
1293 2556 1386 2625 qui
1411 2554 1679 2624 plurimus
1703 2552 1831 2606 urbi

401 2642 663 2697 Imminet
687 2643 1050 2712 adversasque
1076 2649 1323 2712 aspectat
1346 2642 1584 2710 desuper
1607 2657 1776 2694 arces.

376 2729 635 2784 ,Miratur
659 2730 861 2784 molem
886 2730 1121 2799 AeneaS,
1149 2728 1388 2798 magalia
1414 2728 1706 2798 quondam,

400 2816 635 2870 Miratur
657 2822 847 2883 portas
870 2817 1269 2884 strepitumque
1295 2820 1353 2869 et
1378 2820 1554 2869 strata
1577 2814 1809 2868 viarum.

399 2901 617 2956 Instant
640 2901 893 2955 ardentes
919 2902 1084 2970 Tyrii,
1114 2919 1239 2971 pars
1264 2901 1466 2955 ducere
1492 2901 1679 2955 muros

398 2988 691 3056 Molirique
715 3005 897 3042 arcem
921 2994 978 3042 et
1001 2988 1256 3043 manibus
1281 2986 1609 3042 subvolvere
1635 3004 1781 3054 saxa,

396 3074 534 3130 Pars
560 3079 752 3144 optare
775 3074 957 3128 locum
982 3080 1131 3129 tecto
1156 3080 1211 3128 et
1236 3073 1565 3130 concludere
1589 3074 1775 3141 sulco;

397 3162 527 3217 Iura
550 3161 1012 3230 magistratusque
1036 3161 1225 3229 legunt
1250 3166 1610 3229 sanctumque
1636 3164 1919 3227 senatum3

397 3249 507 3304 Hic
530 3252 728 3318 portus
752 3247 843 3300 alii
869 3247 1172 3312 effodiuntt,
1213 3248 1304 3301 hic
1330 3247 1441 3301 alta
1465 3246 1670 3299 theatri

396 3337 782 3391 Fundamenta
804 3334 991 3389 locant
1015 3335 1121 3401 alii,
1149 3334 1513 3402 immanisque
1539 3332 1823 3386 columnas

397 3422 650 3493 Rupibus
675 3421 949 3490 excidunt,
978 3421 1189 3474 scaenis
1214 3420 1417 3474 decora
1441 3418 1552 3472 alta
1576 3417 1795 3471 futuris.

398 3509 588 3574 Qualis
614 3523 747 3576 apes
771 3511 979 3561 aestate
1002 3523 1150 3560 nova
1173 3522 1272 3575 per
1296 3505 1470 3559 florea
1496 3520 1624 3557 rura

2349 486 2450 540 395

2344 920 2445 970 400

2337 1346 2439 1396 405

2334 1778 2438 1830 410

2334 2208 2435 2260 415

2332 2642 2435 2693 420

2328 3073 2432 3125 425

2330 3504 2436 3557 430
