2725 3917
990 236 1267 302 VERGILI
1314 251 1646 301 AnNmnos
1691 252 1834 301 vm.

388 413 515 466 Sole
542 429 933 481 repercussum,
963 417 1059 466 aut
1083 411 1347 465 radiantis
1372 411 1614 479 imagine
1639 411 1842 481 Lunae,

389 499 589 552 Omnia
613 499 910 567 pervolitat
934 499 1042 552 late
1068 498 1201 566 loca,
1227 499 1448 566 iamque
1474 499 1575 551 sub
1601 514 1763 551 auras

385 584 633 652 Erigitur
657 585 961 653 summique
985 585 1121 637 ferit
1146 584 1427 652 laquearia
1450 584 1602 637 tecti.

386 669 516 723 Nox
542 675 673 739 erat,
705 676 761 724 et
785 677 961 725 terras
986 670 1244 724 animalia
1270 669 1414 723 fessa
1437 686 1537 738 per
1571 670 1749 723 omnis

386 756 639 809 Alituum
664 757 1043 826 pecudumque
1068 773 1241 824 genus
1260 773 1427 824 sopor
1451 756 1594 810 altus
1617 757 1887 811 habebat:

388 841 526 895 Oum
553 848 709 911 pater
732 844 791 897 in
816 845 939 911 ripa
962 843 1236 912 gelidique
1262 842 1362 896 sub
1390 842 1628 896 aetheris
1652 859 1754 896 axe

386 926 620 996 AeneaS,
649 929 794 983 tristi
818 931 1075 984 turbatus
1099 934 1326 997 pectora
1347 928 1510 996 bello,

386 1016 686 1070 Procubuit
712 1034 997 1086 seramque
1022 1016 1176 1070 dedit
1200 1031 1301 1084 per
1324 1015 1573 1068 membra
1597 1015 1852 1082 quietem.

386 1103 531 1157 Huic
558 1103 690 1157 deus
712 1105 831 1172 ipse
854 1104 963 1157 loci
989 1103 1158 1156 fluvio
1184 1102 1475 1155 Tiberinus
1500 1118 1734 1156 amoeno

384 1189 658 1257 Populeas
682 1191 829 1243 inter
852 1190 1036 1243 senior
1061 1206 1118 1242 se
1144 1188 1398 1243 attollere
1423 1188 1652 1241 frondes

385 1275 754 1329 Visus—eum
778 1277 961 1329 tenuis
986 1276 1181 1344 glauco
1205 1274 1426 1328 velabat
1451 1275 1656 1328 amictu

387 1361 672 1430 Oarbasus,
702 1368 757 1416 et
780 1363 945 1415 crinis
970 1362 1230 1415 umbrosa
1252 1361 1478 1429 tegebat
1503 1361 1846 1433 harund0‚—

385 1448 523 1501 Tum
548 1449 627 1502 sic
652 1449 830 1503 adfari
855 1454 911 1501 et
937 1465 1096 1502 curas
1122 1448 1209 1500 his
1234 1447 1454 1500 demere
1479 1447 1674 1501 dictis:

460 1536 493 1564 “
511 1534 560 1587 Ο
586 1540 702 1589 sate
727 1539 890 1603 gente
916 1534 1096 1602 deum,
1128 1533 1420 1587 Troianam
1447 1550 1515 1586 ex
1538 1533 1794 1588 hostibus
1818 1536 2013 1590 urbem

387 1621 495 1686 Qui
521 1622 736 1675 revehis
759 1621 920 1674 nobis
947 1625 1277 1688 aeternaque
1306 1619 1577 1687 Pergama
1601 1637 1802 1691 serva5‚

383 1710 716 1778 Exspectate
741 1708 859 1762 solo
884 1708 1148 1763 Laurenti
1179 1708 1435 1776 arvisque
1458 1707 1684 1775 Latinis,

384 1795 491 1850 Hic
514 1795 617 1849 tibi
642 1799 793 1849 certa
815 1795 1025 1864 domuS,
1055 1795 1335 1849 certi—ne
1361 1795 1904 1861 absiste—Penates3

384 1882 508 1937 Neu
533 1885 663 1938 belli
687 1891 896 1939 terrere
920 1884 1110 1937 minis:
1155 1886 1343 1936 tumor
1369 1882 1549 1935 omnis
1573 1887 1631 1936 et
1654 1883 1770 1937 irae

384 1974 713 2029 Concessere
739 1976 917 2030 deum.

380 2059 606 2129 Iamque
630 2062 748 2129 tibi,
777 2079 847 2116 ne
873 2080 1014 2117 vana
1038 2069 1199 2131 putes
1222 2064 1360 2117 haec
1384 2063 1594 2132 fingere
1617 2080 1886 2131 somnum,

382 2145 616 2199 Litoreis
640 2147 834 2215 ingens
858 2147 1086 2202 inventa
1113 2150 1214 2203 sub
1241 2149 1462 2203 ilicibus
1487 2166 1593 2218 sue,

384 2231 630 2299 Triginta
655 2233 897 2300 capitum
922 2234 1068 2287 fetus
1096 2236 1273 2303 enixa,
1304 2236 1523 2303 iacebit,

383 2321 543 2389 Alba,
572 2322 689 2376 solo
714 2325 997 2392 recubam,
1030 2324 1142 2379 albi
1168 2324 1374 2379 circum
1401 2325 1571 2378 ubera
1593 2325 1726 2380 nati.

381 2406 490 2460 Hic
512 2406 665 2460 locus
687 2407 840 2461 urbis
864 2409 985 2477 erit,
1014 2409 1230 2477 requies
1255 2425 1322 2462 ea
1346 2413 1500 2463 certa
1521 2408 1804 2464 laborum:

379 2491 467 2545 Ex
494 2510 603 2562 quo
627 2498 714 2547 ter
739 2494 891 2548 denis
916 2495 1110 2548 urbem
1134 2495 1493 2549 redeuntibus
1516 2495 1676 2549 annis

382 2580 655 2634 Ascanius
679 2580 811 2634 clari
836 2581 1036 2634 condet
1061 2583 1406 2650 cognominis
1429 2582 1652 2637 Albam.

381 2665 544 2720 Haud
569 2668 777 2720 incerta
800 2683 954 2721 canc.
1029 2667 1191 2721 Nunc
1218 2686 1324 2737 qua
1347 2669 1579 2736 ratione,
1609 2669 1756 2738 quod
1778 2669 1967 2738 instat,

378 2752 656 2821 Expedias
682 2753 872 2821 victor,
900 2754 1688 2822 paucis—adverte—docebO.

380 2839 626 2893 Arcades
649 2839 737 2893 his
762 2840 887 2907 oris,
916 2856 1088 2908 genus
1113 2856 1145 2893 a
1168 2840 1418 2894 Pallante
1441 2843 1770 2910 profectum,

380 2925 487 2990 Qui
511 2942 699 2993 regem
724 2925 1040 2980 Euandrum
1066 2927 1309 2996 comites,
1340 2928 1435 2997 qui
1459 2929 1614 2997 signa
1638 2928 1826 2996 secuti,

377 3011 647 3080 Delegere
669 3012 852 3067 locum
878 3019 933 3066 et
957 3029 1191 3082 posuere
1212 3015 1272 3067 in
1296 3015 1580 3069 montibus
1602 3015 1798 3068 urbem

378 3098 648 3153 Pallantis
671 3100 863 3168 proavi
889 3100 957 3153 de
982 3100 1205 3154 nomine
1232 3100 1613 3156 Pallanteum:

378 3186 454 3239 Hi
480 3187 685 3241 bellum
711 3185 934 3240 adsidue
959 3185 1168 3241 ducunt
1193 3205 1318 3242 cum
1342 3195 1508 3257 gente
1530 3188 1756 3255 Latina3

379 3272 496 3328 Hos
520 3273 713 3328 castris
738 3273 938 3327 adhibe
962 3273 1152 3343 socios,
1183 3280 1239 3327 et
1261 3275 1494 3328 foedera
1510 3275 1689 3342 iunge.

377 3359 502 3428 Ipse
529 3377 631 3429 ego
658 3364 712 3414 te
737 3360 872 3429 ripis
896 3364 953 3414 et
976 3364 1129 3415 recto
1152 3360 1380 3414 flumine
1402 3361 1615 3429 ducam,

380 3444 691 3500 Adversum
715 3447 880 3501 remis
906 3463 1128 3516 superes
1153 3447 1444 3500 subvectus
1467 3457 1531 3501 ut
1555 3461 1791 3501 amnem.

379 3529 554 3599 Surge
578 3549 693 3601 age,
720 3527 856 3587 nate'
876 3533 992 3601 dea,
1021 3533 1322 3602 primisque
1345 3533 1672 3588 cadentibus
1697 3534 1859 3588 astris

2350 588 2417 639 25

2349 1021 2417 1071 30

2347 1454 2414 1504 35

2343 1888 2415 1939 40

2341 2326 2412 2378 45

2340 2758 2410 2810 50

2338 3190 2406 3242 55
