2725 3917
927 263 1206 313 VERGILI
1249 263 1510 313 ECLOGA
1554 264 1642 314 IV.

1046 456 1351 510 ECLOGA
1407 457 1509 513 IV.

1152 582 1410 631 POLLIO.

263 691 522 747 Sicelides
547 691 752 760 Musae,
781 690 946 759 paulo
969 691 1183 744 maiora
1207 692 1497 744 canamus!

262 779 392 832 Non
417 779 598 832 omnis
623 779 849 831 arbusta
871 779 1066 830 iuvant
1088 776 1431 846 humilesque
1455 777 1731 846 myricam

263 864 319 917 Si
344 865 589 918 canimus
615 864 797 931 silvaS,
826 864 994 917 silvae
1019 863 1130 916 sint
1156 862 1396 916 Consule
1422 864 1639 931 dignae.

332 949 541 1002 Ultima
567 948 795 1002 Cumaei
822 950 972 1002 venit
993 950 1107 1002 iam
1131 949 1392 1002 carminis
1416 955 1567 1002 aetas
1587 968 1600 1016 ;

263 1035 493 1102 Magnus
518 1035 588 1088 ab
612 1035 829 1103 integro
855 1035 1155 1088 saeclorum
1170 1036 1426 1098 ¹nascitur
1449 1034 1605 1089 ord0.

263 1121 378 1174 Iam
403 1121 550 1175 redit
575 1126 635 1174 et
659 1121 855 1190 Virgo,
884 1121 1120 1175 redeunt
1145 1121 1405 1176 Saturnia
1429 1139 1628 1191 regna3

263 1207 380 1260 Iam
404 1224 551 1261 nova
573 1209 866 1276 progenies
890 1208 1042 1262 caelo
1066 1208 1380 1261 demittitur
1406 1209 1535 1263 alte.

264 1293 344 1346 Tu
367 1293 534 1347 modo
555 1296 807 1348 nascenti
832 1312 1021 1364 puero,
1051 1312 1159 1363 quo
1185 1296 1368 1349 ferrea
1390 1297 1633 1364 primum

262 1378 490 1434 Desinet
514 1398 577 1435 ac
600 1386 723 1435 toto
748 1386 936 1450 surget
960 1398 1097 1450 gens
1120 1399 1289 1436 aurea
1310 1384 1535 1451 mundo,

265 1468 429 1522 Casta
451 1469 576 1521 fave
599 1468 844 1522 Lucina:
884 1474 1014 1522 tuus
1037 1469 1148 1523 iam
1173 1474 1372 1536 regnat
1397 1470 1615 1539 Apollo,

263 1554 444 1622 Teque
469 1555 607 1608 adeo
632 1555 801 1608 decus
824 1555 933 1610 hoc
957 1557 1096 1625 aevi,
1124 1562 1182 1610 te
1209 1556 1465 1625 Consule,
1493 1557 1672 1626 inibit,

262 1639 454 1709 Pollio,
484 1647 540 1694 et
563 1641 830 1710 incipient
853 1644 1041 1710 magni
1065 1643 1364 1711 procedere
1390 1660 1640 1712 menses3

262 1727 338 1780 Te
363 1727 516 1795 duce,
546 1728 592 1780 si
616 1744 724 1796 qua
746 1734 973 1781 manent
997 1730 1218 1783 sceleris
1241 1731 1475 1797 vestigia
1498 1731 1691 1799 nostri,

262 1812 438 1867 Inrita
461 1819 728 1883 perpetua
750 1815 968 1868 solvent
993 1816 1289 1869 formidine
1313 1823 1508 1871 terras,

261 1899 362 1953 Ille
388 1900 551 1954 deum
574 1901 748 1955 vitam
776 1902 1009 1970 accipiet
1034 1903 1284 1970 divisque
1311 1902 1525 1955 videbit

261 1986 576 2042 Permixtos
598 1987 800 2041 heroas
823 1993 879 2041 et
903 1990 1021 2057 ipse
1044 1987 1324 2042 videbitur
1347 1988 1472 2057 illis,

261 2072 635 2144 Pacatumque
660 2080 816 2145 reget
838 2076 1034 2143 patriis
1057 2074 1360 2129 virtutibus
1385 2076 1591 2129 orbem.

261 2161 342 2214 At
365 2161 469 2215 tibi
492 2163 687 2232 prima,
715 2178 869 2231 puer,
897 2162 1051 2216 nullo
1075 2163 1405 2216 munuscula
1428 2163 1579 2216 cultu

260 2248 511 2303 Errantis
534 2250 768 2304 hederas
789 2250 995 2317 passim
1019 2266 1142 2303 cum
1169 2250 1440 2316 bacchare
1464 2249 1628 2303 tellus

259 2334 541 2405 Mixtaque
565 2336 773 2389 ridenti
798 2336 1072 2390 colocasia
1094 2336 1296 2389 fundet
1319 2336 1575 2390 acantho,

261 2420 418 2491 Ipsae
440 2422 586 2476 lacte
611 2423 839 2477 domum
864 2422 1105 2476 referent
1130 2421 1370 2476 distenta
1394 2423 1634 2491 capellae

261 2508 463 2578 Ubera,
490 2526 594 2563 nec
616 2527 848 2578 magnos
871 2514 1124 2563 metuent
1149 2514 1400 2563 armenta
1424 2509 1627 2564 leones.

260 2595 388 2664 Ipsa
411 2596 516 2650 tibi
540 2597 771 2650 blandos
794 2596 1034 2649 fundent
1059 2595 1332 2649 cunabula
1354 2596 1535 2649 fiores.

263 2683 492 2737 Occidet
515 2688 571 2737 et
597 2700 836 2752 serpens,
866 2688 923 2737 et
947 2683 1114 2737 fallax
1139 2684 1314 2738 herba
1336 2683 1537 2737 veneni

263 2771 522 2839 Occidet3
563 2771 858 2839 Assyrium
883 2770 1047 2840 volgo
1071 2776 1333 2826 nascetur
1361 2788 1658 2826 amomum.

261 2859 340 2911 At
363 2858 525 2912 simul
550 2858 785 2913 heroum
808 2857 997 2911 laudes
1021 2863 1078 2911 et
1102 2858 1255 2912 facta
1278 2859 1528 2927 parentis

261 2944 379 2999 Iam
401 2945 586 3014 legere
611 2950 668 2998 et
693 2962 831 3013 quae
858 2945 930 2997 sit
953 2945 1164 3013 poteris
1189 2961 1520 3013 cognoscere
1545 2945 1753 2999 virtus:

259 3031 413 3085 Molli
437 3031 702 3101 paulatim
728 3031 985 3085 flavescet
1009 3048 1234 3099 campus
1260 3032 1446 3098 arista,

260 3117 600 3188 Incultisque
622 3120 829 3173 rubens
853 3118 1117 3187 pendebit
1142 3119 1390 3173 sentibus
1406 3113 1539 3186 uva,

259 3205 331 3258 Et
354 3206 524 3260 durae
550 3223 784 3276 quercus
808 3206 1083 3260 sudabunt
1107 3206 1322 3259 roscida
1344 3205 1526 3260 mella.

260 3291 445 3346 Pauca
462 3297 653 3345 tamen
679 3293 946 3345 suberunt
968 3293 1184 3361 priscae
1210 3292 1442 3360 vestigia
1467 3292 1692 3359 fraudiS,

245 3378 413 3443 0Quae
437 3383 709 3447 temptare
735 3378 957 3431 Thetim
980 3380 1205 3446 ratibus,
1237 3395 1376 3447 quae
1403 3380 1622 3448 cingere
1646 3379 1820 3432 muris

262 3464 491 3533 Oppida,
521 3482 660 3533 quae
684 3465 914 3518 iubeant
937 3465 1123 3519 telluri
1145 3465 1418 3519 infindere
1444 3467 1642 3519 sulcos.

259 3550 421 3604 Alter
448 3552 554 3605 erit
578 3556 698 3604 tum
724 3550 947 3620 Tiphys,
977 3555 1034 3605 et
1060 3552 1234 3605 altera
1259 3569 1398 3620 quae
1423 3552 1593 3606 vehat
1618 3550 1774 3616 Argo

2232 1474 2300 1525 10

2231 1906 2298 1957 15

2230 2340 2301 2391 20

2230 2774 2298 2827 25

2230 3207 2300 3258 30
