2725 3917
950 232 1225 282 VERGILI
1275 232 1606 282 AENEIDOS
1649 233 1791 282 VIII.
1878 291 1883 296 .

1515 339 1535 366 ἱ

348 394 506 449 Dixit
531 399 587 448 et
611 393 896 463 amplexus
920 395 1037 448 nati
1063 394 1341 461 Cytherea
1362 395 1588 463 petivit,

349 482 526 536 Arma
550 482 651 535 sub
678 481 908 535 adversa
930 482 1117 550 posuit
1140 481 1420 536 radiantia
1443 498 1663 551 quercu.

348 569 465 636 llle,
493 568 628 622 deae
653 568 814 621 donis
839 573 897 622 et
920 573 1080 622 tanto
1104 568 1286 622 laetus
1308 568 1538 637 honore,

348 655 573 724 Expleri
597 655 789 724 nequit
813 659 978 723 atque
1004 655 1195 709 oculos
1220 672 1322 724 per
1347 656 1564 724 singula
1589 655 1781 723 volvit,

349 741 690 810 Miraturque
714 741 968 810 interque
992 758 1187 795 manus
1212 747 1269 795 et
1292 742 1553 797 bracchia
1574 747 1762 796 versat

285 897 292 904 ⁶
350 827 675 882 Terribilem
698 827 882 882 cristis
905 828 1117 897 galeam
1141 828 1498 897 flammasque
1521 833 1856 897 vomentem,

349 915 764 984 Fatiferumque
791 931 993 983 ensem,
1021 915 1249 969 loricam
1273 931 1342 969 ex
1369 931 1495 969 aere
1521 916 1807 984 rigentem,

351 1002 737 1071 Sanguineam,
766 1003 1066 1070 ingentem,
1097 1002 1271 1070 qualis
1295 1018 1423 1055 cum
1448 1003 1671 1058 caerula
1693 1003 1871 1057 nubes

351 1089 496 1143 Solis
518 1088 817 1143 inardescit
841 1088 1010 1142 radiis
1033 1088 1307 1156 longeque
1336 1089 1608 1158 refulget,

352 1175 490 1232 Tum
513 1175 651 1229 levis
675 1191 863 1230 ocreas
888 1175 1093 1229 electro
1123 1193 1368 1245 auroque
1394 1183 1634 1246 recocto,

353 1263 709 1330 Hastamque,
736 1265 794 1314 et
818 1261 980 1330 clipei
1005 1278 1120 1316 non
1146 1264 1454 1319 enarrabile
1479 1270 1712 1320 textum.

350 1349 472 1406 Illic
496 1365 585 1402 res
608 1347 777 1404 Italas
802 1347 1293 1420 Romanorumque
1317 1352 1646 1422 triumphOS,

353 1433 518 1492 Haud
542 1439 731 1487 vatum
756 1433 982 1502 ignarus
1006 1439 1334 1508 venturique
1358 1440 1564 1494 inscius
1589 1440 1727 1506 aevi,

353 1521 582 1576 Fecerat
604 1519 959 1590 Ignipotens;
1009 1523 1124 1578 illic
1148 1542 1321 1593 genus
1347 1542 1509 1580 omne
1535 1528 1754 1581 futurae

353 1609 553 1682 Stirpis
578 1613 647 1666 ab
672 1612 936 1683 Ascanio,
964 1620 1314 1683 pugnataque
1340 1615 1400 1667 in
1424 1614 1618 1668 ordine
1642 1614 1803 1670 bella.

353 1697 584 1756 Fecerat
608 1704 666 1753 et
692 1700 854 1754 viridi
878 1701 1056 1755 fetam
1079 1700 1349 1755 Mavortis
1372 1701 1432 1754 in
1458 1707 1619 1756 antro

352 1783 717 1842 Procubuisse
740 1787 957 1858 lupam:
1007 1787 1258 1856 geminos
1281 1787 1414 1842 huic
1438 1788 1609 1842 ubera
1631 1788 1839 1842 circum

354 1871 570 1930 Ludere
595 1873 888 1943 pendentis
914 1891 1129 1945 puel-oe,
1160 1880 1216 1929 et
1238 1874 1484 1930 lambere
1507 1880 1743 1928 matrem

354 1960 699 2033 Impavidos3
743 1964 893 2024 illam
918 1961 1082 2017 tereti
1114 1961 1329 2018 cervice
1354 1962 1616 2016 reflexam

354 2048 599 2106 Mulcere
624 2052 880 2118 alternoS,
911 2054 968 2103 et
993 2065 1231 2117 corpora
1252 2048 1461 2117 fingere
1484 2048 1688 2116 lingua.

355 2132 475 2189 Nec
499 2137 688 2204 procul
713 2137 845 2191 hinc
870 2135 1107 2189 Romam
1131 2139 1189 2188 et
1212 2139 1402 2203 raptas
1426 2135 1545 2188 sine
1568 2151 1722 2189 more
1749 2135 1982 2190 Sabinas

357 2220 629 2277 Consessu
654 2239 868 2291 caveae,
896 2221 1114 2289 magnis
1140 2207 1492 2274 Circensibus
1518 2221 1671 2289 actia,

355 2306 683 2378 Addiderat,
713 2309 1003 2378 subitoque
1030 2323 1239 2361 novum
1266 2324 1600 2376 consurgere
1624 2308 1829 2362 bellum

357 2394 667 2454 Romulidis
690 2395 958 2465 Tatioque
984 2395 1103 2449 seni
1132 2393 1475 2463 Curibusque
1500 2395 1721 2450 severis.

355 2486 494 2541 Post
516 2486 666 2542 idem
689 2487 836 2541 inter
859 2503 917 2541 se
941 2486 1125 2556 posito
1151 2482 1454 2539 certamine
1478 2498 1635 2550 reges

356 2574 577 2628 Armati
603 2573 751 2628 Iovis
775 2578 905 2628 ante
934 2590 1086 2628 aram
1113 2578 1445 2641 paterasque
1472 2572 1725 2623 tenentes

358 2660 594 2715 Stabant
618 2666 674 2715 et
700 2676 859 2714 caesa
882 2659 1186 2729 iungebant
1214 2657 1445 2712 foedera
1466 2673 1651 2725 porca.

357 2746 523 2800 Haud
547 2746 742 2815 procul
764 2746 894 2800 inde
918 2747 1060 2800 citae
1083 2745 1321 2799 Mettum
1345 2744 1407 2797 in
1431 2743 1650 2797 diversa
1672 2743 1971 2812 quadrigae

357 2832 832 2887 Distulerant—at
855 2838 917 2887 tu
943 2833 1120 2900 dietis,
1153 2831 1387 2899 Albane,
1420 2847 1675 2885 maneres
1690 2831 1779 2884 1-

358 2918 743 2990 Raptabatque
767 2920 875 2974 viri
898 2918 1179 2973 mendacis
1202 2919 1416 2972 viscera
1440 2917 1630 2972 Tullus

356 3006 467 3061 Per
491 3006 702 3075 silvam,
730 3011 786 3060 et
811 3006 984 3075 sparsi
1007 3005 1273 3059 rorabant
1299 3005 1566 3072 sanguine
1592 3021 1804 3073 vepres.

358 3092 479 3147 Nec
504 3109 615 3148 non
639 3092 1000 3162 Tarquinium
1025 3093 1260 3146 eiectum
1286 3091 1574 3145 Porsenna
1597 3091 1825 3146 iubebat

357 3178 646 3249 Accipere,
674 3180 995 3249 ingentique
1021 3179 1216 3232 urbem
1242 3178 1530 3232 obsidione
1555 3179 1871 3245 premebat3

358 3266 654 3321 Aeneadae
677 3267 735 3319 in
759 3266 965 3320 ferrum
993 3282 1094 3334 pro
1119 3265 1375 3319 libertate
1401 3264 1654 3320 ruebant.

358 3350 521 3405 Illum
545 3351 858 3420 indignanti
884 3350 1135 3418 similem,
1166 3351 1508 3419 similemque
1534 3350 1768 3406 minanti

358 3436 667 3506 Aspiceres,
693 3442 925 3507 pontem
951 3437 1177 3492 auderet
1203 3438 1332 3506 quia
1355 3436 1557 3490 vellere
1585 3436 1795 3506 Coelen,

357 3522 432 3577 Et
454 3522 682 3577 fiuvium
709 3524 905 3578 vinclis
928 3523 1147 3577 innaret
1174 3522 1387 3576 Cloelia
1412 3523 1606 3590 ruptis,

2283 398 2386 449 615

2285 833 2389 883 620

2285 1267 2388 1318 625

2287 1705 2393 1755 630

2286 2139 2391 2190 635

2290 2575 2396 2624 640

2198 3399 2203 3406 .
2296 3441 2399 3493 650
