2725 3917
1042 254 1315 304 VERGILI
1361 252 1691 305 AENEIDOS
1735 254 1775 304 1.

391 414 581 469 Prima
605 414 751 484 quod
775 414 845 469 ad
869 415 1089 469 Troiam
1111 432 1214 483 pro
1239 415 1379 468 caris
1402 421 1641 482 gesserat
1666 415 1910 484 Argis-

393 501 649 555 Necdum
674 502 837 556 etiam
865 519 1058 556 causae
1082 503 1287 555 irarum
1314 503 1569 570 saevique
1595 502 1814 556 dolores

392 588 727 642 Exciderant
751 590 961 642 animo:
1002 595 1188 642 manet
1213 589 1324 641 alta
1346 594 1534 642 mente
1559 594 1840 657 repostum

395 675 664 728 Iudicium
689 675 902 728 Paridis
927 681 1246 743 spretaeque
1272 674 1474 727 iniuria
1497 675 1729 742 formae,

393 762 469 815 Et
492 778 663 830 genus
685 761 938 830 invisum,
968 766 1025 814 et
1049 762 1193 829 rapti
1219 761 1557 826 Ganymedis
1583 761 1925 816 honores—z

396 849 500 901 His
518 865 744 902 accensa
768 865 930 916 super
955 850 1186 902 iactatos
1213 864 1449 915 aequore
1474 852 1595 901 toto

397 936 584 1002 Troas,
612 935 871 1003 reliquias
894 935 1147 988 Danaum
1174 940 1336 1002 atque
1363 935 1590 987 immitis
1611 934 1834 1003 Achilli,

397 1023 641 1076 Arcebat
664 1022 827 1090 longe
852 1022 1026 1088 Latio,
1055 1022 1364 1089 multosque
1391 1038 1489 1089 per
1514 1038 1686 1074 annos

396 1110 686 1176 Errabant,
715 1111 824 1163 acti
852 1110 993 1175 fatis,
1021 1109 1193 1161 maria
1216 1109 1404 1161 omnia
1428 1109 1649 1162 circum.

399 1197 606 1250 Tantae
631 1196 790 1248 molis
815 1201 933 1248 erat
959 1195 1263 1247 Romanam
1290 1195 1525 1248 condere
1551 1203 1790 1265 gentem.

370 1273 397 1318 s'
470 1283 585 1337 Vix
610 1298 641 1335 e
666 1268 963 1349 conspectu
990 1281 1203 1334 Siculae
1227 1280 1441 1334 telluris
1465 1283 1523 1334 in
1549 1282 1721 1336 altum

399 1370 546 1424 Vela
568 1369 773 1422 dabant
795 1368 940 1434 laeti,
970 1372 1026 1420 et
1051 1384 1271 1435 spumas
1295 1368 1422 1420 salis
1448 1385 1570 1422 aere
1595 1371 1847 1436 ruebant,

401 1458 540 1511 Cum
567 1456 722 1523 Iuno,
752 1459 1032 1509 aeternum
1062 1471 1285 1507 servans
1309 1455 1410 1507 sub
1434 1462 1657 1522 pectore
1684 1457 1896 1524 volnuS,

399 1545 551 1598 Haec
571 1559 785 1597 secum:
827 1541 1038 1594 “Mene
1063 1541 1282 1609 incepto
1307 1540 1569 1614 desistere
1596 1544 1814 1611 victam,

402 1630 520 1684 Nec
544 1646 703 1698 posse
726 1627 887 1682 Italia
911 1627 1244 1680 Teucrorum
1271 1633 1522 1680 avertere
1548 1632 1768 1696 regem?

404 1718 619 1785 Quippe
643 1722 801 1769 vetor
826 1714 967 1768 fatiS.
990 1711 1013 1770 ,¹
1042 1713 1298 1768 Pallasne
1324 1729 1555 1767 exurere
1580 1716 1806 1769 classem

402 1805 671 1872 Argivom
696 1811 860 1876 atque
886 1789 1037 1876 ipsos
1060 1797 1616 1873 potuitjsubmergere
1645 1811 1838 1873 pont0,

400 1889 578 1946 Unius
603 1894 674 1947 ob
702 1910 901 1948 noxam
931 1900 988 1948 et
1012 1892 1185 1946 furias
1210 1891 1400 1945 Aiacis
1426 1890 1607 1945 Oilei?

402 1978 542 2048 Ipsa,
569 1980 716 2033 Iovis
740 1981 990 2049 rapidum
1018 1979 1252 2033 iaculata
1275 1995 1305 2031 e
1331 1978 1570 2031 nubibus
1594 1978 1795 2046 ignem,

402 2066 739 2134 Disiecitque
763 2072 909 2120 rates
936 2068 1241 2135 evertitque
1266 2082 1507 2134 aequora
1533 2067 1743 2132 ventis3

402 2153 563 2206 Illum
592 2155 961 2222 exspirantem
988 2153 1253 2207 transfixo
1276 2157 1503 2220 pectore
1528 2151 1775 2207 flammas

402 2239 643 2293 Turbine
667 2239 936 2309 corripuit
961 2240 1292 2308 scopuloque
1317 2238 1501 2291 infixit
1525 2247 1715 2306 acut03

401 2323 512 2378 Ast
537 2341 652 2392 eg0,
683 2340 820 2393 quae
844 2325 1028 2377 divom
1054 2323 1250 2377 incedo
1276 2324 1482 2391 regina,
1511 2322 1766 2393 Iovisque

334 2407 353 2424 '¹
402 2411 476 2465 Et
500 2428 657 2465 soror
683 2417 739 2465 et
763 2411 1018 2477 coniunx,
1045 2426 1159 2463 una
1181 2426 1305 2464 cum
1331 2417 1495 2478 gente
1519 2415 1606 2463 tot
1631 2427 1805 2464 annos

404 2498 560 2553 Bella
583 2515 730 2567 gero,
804 2497 878 2551 Et
903 2497 1185 2567 quisquam
1211 2514 1418 2551 numen
1444 2497 1671 2551 Iunonis
1696 2498 1892 2553 adorat
1934 2507 1938 2514 '

403 2584 710 2651 Praeterea,
740 2589 835 2638 aut
857 2583 1083 2652 supplex
1110 2585 1219 2637 aris
1242 2585 1490 2652 imponet
1514 2584 1867 2638 1101101·ῡωῖ”

473 2670 628 2724 Talia
650 2671 931 2724 flammato
954 2686 1137 2723 secum
1162 2670 1267 2724 dea
1290 2671 1454 2723 corde
1483 2672 1734 2725 volutans

403 2754 734 2808 Nimborum
760 2755 817 2807 in
842 2755 1094 2824 patriam,
1121 2755 1243 2807 loca
1268 2756 1384 2807 feta
1407 2756 1713 2809 furentibus
1738 2756 1952 2822 austriS,

314 2895 321 2902 ,
404 2841 656 2895 Aeoliam
683 2842 851 2895 venit.
929 2841 1036 2895 Hic
1059 2845 1216 2894 vasto
1241 2856 1339 2892 rex
1368 2840 1574 2894 Aeolus
1599 2849 1761 2894 antro

405 2927 691 2981 Luctantis
718 2932 913 2980 ventos
937 2931 1402 2994 tempestatesque
1428 2944 1654 2980 sonoras

404 3013 645 3081 Imperio
671 3014 873 3081 premit
898 3030 961 3066 ac
985 3012 1181 3091 vinclis
1207 3017 1260 3066 et
1288 3030 1509 3067 earcere
1529 3015 1727 3068 frenat.

405 3100 489 3153 Illi
518 3100 864 3167 indignantes
888 3115 1089 3166 magno
1116 3115 1240 3151 cum
1266 3116 1547 3153 murmure
1571 3100 1776 3154 montis

406 3186 624 3240 Circum
653 3186 890 3239 claustra
913 3187 1192 3251 fremunt;
1234 3185 1378 3237 celsa
1403 3186 1558 3239 sedet
1584 3186 1790 3239 Aeolus
1815 3201 1938 3239 arce

404 3273 633 3342 Sceptra
656 3278 868 3338 tenena
898 3270 1183 3337 mollitque
1210 3271 1418 3324 animos
1445 3277 1498 3325 et
1523 3277 1797 3339 temperat
1818 3273 1945 3325 iras,

406 3359 477 3412 Ni
504 3360 688 3426 faeiat,
717 3358 891 3411 maria
917 3373 979 3411 ac
1005 3361 1180 3409 terras
1206 3356 1523 3426 caelumque
1549 3357 1886 3426 profundum

345 3425 356 3439 ⁸
406 3444 623 3515 Quippe
647 3446 830 3498 ferant
853 3442 1033 3512 rapidi
1058 3458 1242 3495 secum
1268 3449 1599 3512 verrantque
1625 3460 1723 3511 per
1747 3459 1920 3496 auras,

320 3527 327 3534 ”
407 3531 509 3585 Sed
538 3544 694 3603 pater
714 3531 1061 3601 omnipotens
1088 3528 1360 3598 speluncis
1387 3531 1599 3584 abdidit
1624 3531 1772 3605 atris,

2359 507 2428 557 25

2361 938 2427 988 30

2362 1371 2427 1422 35

2360 1805 2429 1856 40

2362 2239 2430 2290 45

2363 2671 2432 2722 50

2364 3101 2432 3153 55
