2725 3917
918 250 1195 300 VERGILI
1239 250 1569 301 AENEIDOS
1612 251 1754 301 Vm.

321 409 616 479 Dardanae,
644 410 844 464 Iliacae
867 411 1078 479 primus
1100 416 1261 479 pater
1285 412 1440 464 urbis
1464 416 1520 465 et
1545 416 1752 481 auctor,

320 496 545 565 Electra,
575 502 637 550 nt
662 497 792 551 Grai
818 497 1129 565 perhibent,
1159 497 1451 551 Atlantide
1476 503 1675 562 cretus,

321 583 628 636 Advehitur
652 583 921 650 Teucros3
960 583 1240 637 Electram
1265 584 1540 637 maximus
1563 583 1728 637 Atlas

319 670 516 738 Edidit,
544 669 821 724 aetherios
845 686 1038 723 umero
1064 672 1157 738 qui
1183 671 1416 724 sustinet
1442 671 1608 725 orbis.

320 760 493 814 Vobis
517 760 821 814 Mercurius
842 766 1003 828 pater
1026 766 1125 828 est,
1157 777 1319 828 quem
1345 761 1580 815 candida
1606 761 1753 816 Maia

322 847 574 915 Cyllenae
600 846 784 915 gelido
810 854 1140 916 conceptum
1167 848 1371 902 vertice
1398 848 1576 916 fudit3

319 934 393 986 At
417 933 635 1001 Maiam,
665 933 867 987 auditis
891 933 938 986 si
965 934 1251 1002 quicquam
1281 934 1571 1002 credimus,
1604 934 1779 1000 Atlas,

318 1019 465 1073 Idem
492 1019 651 1073 Atlas
676 1025 921 1088 generat,
951 1020 1088 1074 caeli
1115 1021 1207 1088 qui
1233 1020 1416 1074 sidera
1440 1022 1603 1075 tollit.

318 1105 403 1159 Sic
428 1123 602 1174 genus
627 1107 913 1160 amborum
939 1106 1142 1160 scindit
1166 1124 1223 1160 se
1249 1108 1513 1175 sanguine
1538 1109 1605 1161 ab
1630 1124 1757 1161 unc.

317 1192 413 1245 His
438 1194 610 1246 fretus
632 1209 748 1246 non
770 1192 980 1262 legatos
1004 1209 1181 1263 neque
1209 1194 1390 1262 prima
1413 1210 1514 1262 per
1539 1198 1713 1247 artem

316 1279 728 1348 Temptamenta
751 1281 833 1333 tui
861 1281 1078 1350 pepigi3
1118 1297 1223 1349 me,
1251 1298 1340 1334 me
1364 1282 1482 1350 ipse
1505 1297 1797 1349 meumque

316 1366 503 1419 Obieci
529 1372 697 1435 capnt
720 1370 776 1419 et
801 1367 1033 1435 supplex
1059 1367 1126 1421 ad
1152 1368 1344 1421 limina
1367 1367 1510 1421 veni.

317 1453 463 1506 Gens
487 1453 697 1520 eadem,
728 1470 866 1522 quae
890 1459 962 1522 te,
994 1454 1203 1508 crudeli
1229 1453 1448 1508 Daunia
1472 1454 1620 1508 bello

313 1538 655 1608 Insequitur3
698 1556 801 1593 nos
825 1541 870 1592 si
895 1539 1119 1610 pellant,
1148 1540 1288 1593 nihil
1314 1541 1469 1595 afore
1494 1542 1742 1610 credunt,

314 1627 459 1691 Quin
486 1645 705 1682 omnem
732 1628 1060 1696 Hesperiam
1084 1628 1307 1696 penitus
1332 1644 1431 1681 sua
1455 1630 1555 1682 sub
1580 1629 1710 1697 iuga
1734 1630 1974 1697 mittant,

311 1713 381 1768 Et
406 1707 573 1780 mare,
603 1714 747 1783 quod
774 1731 953 1783 supra,
982 1719 1225 1782 teneant,
1256 1714 1510 1784 quodque
1536 1715 1710 1768 adluit
1733 1716 1898 1769 infra.

310 1800 518 1868 Accipe
546 1801 721 1869 daque
745 1800 927 1854 fidem.
1003 1800 1146 1854 Sunt
1167 1801 1330 1854 nobis
1353 1800 1528 1854 fortia
1552 1801 1698 1854 bello

309 1886 559 1954 Pectora,
591 1892 720 1940 sunt
749 1887 919 1941 animi
945 1891 1003 1941 et
1026 1888 1191 1941 rebus
1218 1893 1467 1955 spectata
1488 1887 1801 1941 iuventus.''

310 1972 543 2027 Dixerat
568 1974 808 2028 Aeneas,
883 1973 985 2027 Ille
1012 1991 1074 2027 os
1098 1974 1389 2043 oculosque
1413 1974 1688 2043 loquentis

309 2061 633 2116 Iamdudum
661 2069 717 2117 et
739 2069 922 2117 totum
945 2063 1216 2117 lustrabat
1239 2063 1445 2116 lumine
1470 2079 1684 2131 corpus.

309 2148 447 2202 Tum
475 2150 552 2204 sic
576 2167 752 2219 pauca
778 2151 982 2204 refert:
1028 2152 1062 2179 “
1081 2150 1157 2203 Ut
1180 2155 1254 2217 te,
1280 2150 1581 2203 fortissime
1606 2148 1894 2218 Teucrum,

308 2237 542 2306 Accipio
566 2254 912 2306 agnoscoque
935 2238 1143 2292 libens!
1183 2242 1248 2290 nt
1271 2237 1444 2290 verba
1469 2238 1711 2306 parentis

305 2322 381 2376 Et
404 2340 598 2378 vocem
624 2324 902 2378 Anchisae
925 2325 1110 2393 magni
1135 2324 1458 2392 voltumque
1482 2324 1775 2377 recordor!

305 2408 457 2464 Nam
480 2411 707 2465 memini
735 2412 1013 2466 Hesionae
1040 2413 1308 2466 visentem
1333 2427 1506 2480 regna
1524 2411 1728 2464 sororis

304 2495 806 2552 Laomedontiaden
834 2499 1130 2566 Priamum,
1160 2499 1440 2553 Salamina
1462 2502 1761 2566 petentem,

310 2581 575 2637 Protinus
601 2583 879 2639 Arcadiae
905 2586 1115 2653 gelidos
1137 2586 1377 2639 invisere
1402 2584 1543 2637 finis,

304 2669 448 2724 Tum
472 2671 610 2723 mihi
635 2671 817 2739 prima
841 2689 1011 2740 genas
1035 2673 1274 2726 vestibat
1296 2671 1432 2725 flore
1453 2671 1711 2738 iuventa3

302 2755 656 2825 Mirabarque
680 2758 848 2811 duces
871 2758 1124 2827 TeucrOS,
1151 2759 1393 2813 mirabar
1413 2763 1469 2811 et
1493 2758 1672 2825 ipsum

301 2841 844 2911 Laomedontiaden3
886 2845 983 2898 sed
1009 2846 1222 2899 cunctis
1248 2845 1413 2898 altior
1436 2846 1552 2898 ibat

301 2930 595 2984 Anchises,
671 2930 808 2983 Mihi
833 2947 990 2985 mens
1012 2932 1252 2985 iuvenali
1278 2932 1508 2985 ardebat
1532 2947 1717 2984 amore

301 3015 659 3085 Compellare
686 3018 882 3085 virum,
913 3024 971 3072 et
994 3018 1220 3073 dextrae
1247 3018 1583 3086 coniungere
1609 3018 1890 3085 dextram3

299 3102 549 3172 Accessi,
580 3108 636 3158 et
663 3104 894 3172 cupidus
916 3105 1126 3159 Phenei
1151 3106 1252 3159 sub
1277 3104 1494 3158 moenia
1517 3104 1666 3158 duxi.

299 3187 406 3243 Ille
429 3190 567 3243 mihi
593 3190 864 3259 insignem
891 3191 1209 3259 pharetram
1237 3192 1541 3259 Lyciasque
1565 3191 1794 3258 sagittas

296 3273 609 3330 Discedens
633 3276 1089 3345 chlamydemque
1115 3294 1247 3331 auro
1271 3277 1426 3330 dedit
1449 3277 1824 3342 intertextam,

293 3359 590 3431 Frenaque
613 3363 761 3431 bina,
788 3379 944 3415 meus
969 3380 1107 3431 quae
1132 3380 1279 3416 nunc
1302 3362 1489 3430 habet,
1518 3378 1698 3429 aurea,
1726 3362 1925 3415 Pallas,

296 3446 453 3517 Ergo
478 3455 549 3519 et,
583 3466 747 3518 quam
774 3448 981 3517 petitis,
1009 3450 1200 3503 iuncta
1222 3455 1307 3502 est
1330 3449 1468 3502 mihi
1493 3448 1713 3501 foedere
1737 3448 1947 3512 dextra,

294 3532 388 3603 Et,
418 3534 515 3601 lux
540 3553 665 3590 cum
694 3536 937 3604 primum
961 3535 1125 3589 terris
1148 3552 1207 3590 se
1232 3534 1474 3590 crastina
1498 3533 1708 3601 reddet,
1757 3533 1768 3544 “

2246 501 2346 552 135

2246 938 2347 989 140

2244 1373 2344 1423 145

2242 1804 2343 1854 150

2239 2673 2340 2724 160

2238 3106 2338 3156 165

2235 3532 2336 3589 170
