2725 3917
947 244 1225 296 VEBGILI
1267 244 1598 294 AENEIDOS
1641 244 1735 295 III.

325 408 525 479 Linqui
547 407 825 477 pollutum
847 406 1165 475 hospitium,
1196 411 1253 459 et
1275 405 1410 460 dare
1434 405 1700 459 classibus
1724 409 1957 460 austros.

324 495 473 564 Ergo
495 497 868 550 instauramus
888 493 1171 559 Polydoro
1195 493 1394 545 funus:
1436 497 1494 546 et
1517 493 1713 560 ingens

323 582 626 652 Aggeritur
650 581 867 635 tumulo
889 580 1080 646 tellus3
1122 584 1273 633 stant
1296 578 1554 633 Manibus
1578 596 1722 648 arae,

327 670 606 724 Caeruleis
629 674 873 722 maestae
897 667 1054 721 vittis
1078 673 1305 735 atraque
1329 682 1604 735 cupi-esec,

324 757 399 811 Et
422 757 629 811 circum
653 755 855 809 Iliades
878 754 1088 808 crinem
1113 753 1185 807 de
1207 769 1362 807 more
1387 753 1629 820 solutae3

324 844 625 897 Interimus
648 842 839 911 tepido
862 840 1176 910 spumantia
1198 840 1420 907 cymbia
1440 840 1586 894 lacte

327 931 622 998 Sanguinis
645 934 703 983 et
726 929 869 982 sacri
894 933 1129 996 pateras,
1155 928 1503 995 animamque
1527 926 1779 995 sepulcro

327 1017 644 1084 Gondimus,
676 1020 732 1069 et
755 1032 956 1084 magna
979 1031 1298 1083 supremum
1320 1030 1460 1068 voce
1484 1014 1709 1068 ciemus.

394 1103 548 1172 Inde,
576 1103 674 1156 ubi
694 1102 877 1170 prima
899 1101 1034 1155 fides
1056 1100 1269 1170 pelago,
1295 1100 1620 1170 placataque
1643 1102 1798 1155 venti

327 1190 479 1245 Dant
501 1190 679 1244 maria
701 1194 758 1242 et
779 1189 919 1242 lenis
944 1188 1220 1257 crepitans
1237 1193 1404 1242 vocat
1428 1194 1613 1241 auster
1635 1189 1696 1241 in
1720 1188 1911 1257 altum,

326 1278 623 1332 Deducunt
640 1276 774 1329 socii
798 1276 957 1329 navis
981 1284 1040 1329 et
1061 1274 1231 1329 litora
1254 1275 1555 1344 complent.

327 1363 693 1418 Provehimur
715 1366 899 1431 portu,
927 1366 1216 1430 terraeque
1240 1362 1511 1430 urbesque
1536 1362 1816 1417 recedunt.

328 1449 495 1504 Sacra
517 1449 654 1502 mari
680 1448 880 1502 colitur
903 1448 1087 1502 medio
1111 1449 1426 1516 gratissima
1447 1448 1612 1502 tellus

327 1536 628 1591 Nereidum
651 1536 817 1590 matri
841 1540 899 1589 et
923 1534 1186 1605 Neptuno
1209 1535 1453 1606 Aegaeo,

328 1623 504 1689 Quam
528 1624 654 1692 pius
678 1623 1011 1676 Arcitenens
1035 1640 1162 1677 oras
1186 1629 1246 1677 et
1265 1624 1434 1678 litora
1457 1624 1667 1678 circum

325 1710 617 1765 Errantem
642 1709 882 1777 Mycono
906 1728 937 1765 e
961 1712 1108 1766 celsa
1131 1713 1426 1782 Gyaroque
1450 1714 1710 1783 revinxit,

327 1800 730 1870 Immotamque
754 1799 863 1854 coli
887 1798 1043 1853 dedit
1066 1803 1124 1853 et
1148 1805 1505 1854 contemnere
1528 1806 1741 1854 ventos.

325 1889 448 1944 Huc
472 1891 655 1958 feror3
695 1890 834 1944 haec
858 1891 1034 1944 fessos
1055 1895 1180 1944 tuto
1205 1888 1576 1959 placidissima
1596 1891 1764 1955 portu

326 1977 564 2047 Accipit.
638 1978 857 2048 Egressi
884 1995 1209 2033 veneramur
1233 1977 1513 2046 Apollinis
1536 1976 1747 2029 urbem.

325 2064 446 2118 Rex
471 2065 665 2134 Anius,
692 2083 793 2120 rex
816 2066 963 2120 idem
988 2066 1277 2120 homiuum
1302 2065 1626 2133 Phoebique
1651 2062 1919 2131 sacerdos,

326 2152 500 2207 Vittis
524 2158 582 2207 et
603 2170 757 2209 sacra
783 2154 1069 2209 redimitus
1094 2160 1343 2224 tempora
1364 2153 1539 2223 laur0,

327 2243 614 2312 Occurrit3
654 2249 900 2298 veterem
924 2243 1209 2296 Anchisen
1235 2242 1484 2311 agnoseit
1507 2243 1763 2297 amicum.

324 2329 607 2399 Iungimus
629 2329 872 2399 hospitio
896 2329 1137 2398 dextras,
1166 2334 1224 2383 et
1247 2334 1399 2383 tecta
1423 2329 1687 2383 subimus.

395 2418 622 2486 Templa
643 2417 733 2471 dei
759 2433 892 2471 saxo
914 2416 1220 2471 venerabar
1244 2421 1455 2471 structa
1477 2422 1734 2471 vetusto:

327 2504 469 2559 “Da
489 2506 789 2574 propriam,
818 2502 1180 2572 Thymbraee,
1210 2505 1465 2573 domum3
1507 2505 1580 2558 da
1600 2505 1820 2559 moenia
1844 2503 2003 2558 fessis

322 2590 398 2645 Et
421 2609 593 2661 genus
619 2597 676 2645 et
697 2608 1013 2646 mansuram
1037 2593 1229 2646 urbem
1250 2611 1264 2660 ς
1304 2609 1465 2646 serva
1489 2592 1663 2647 altera
1685 2592 1881 2646 Troiae

323 2677 609 2748 Pergama,
636 2679 897 2749 reliquias
918 2680 1173 2735 Danaum
1199 2685 1365 2749 atque
1388 2681 1616 2734 immitis
1639 2679 1863 2734 Achilli.

325 2765 504 2832 Quem
530 2768 841 2836 sequimur?
882 2784 1060 2837 quove
1083 2768 1167 2822 ire
1190 2768 1384 2822 iubes?
1419 2769 1515 2821 ubi
1539 2784 1748 2838 ponere
1772 2766 1964 2821 sedes?

320 2852 426 2920 Da,
454 2858 629 2922 pater,
658 2854 962 2922 augurium,
993 2859 1158 2923 atque
1185 2856 1383 2908 animis
1406 2855 1654 2909 inlabere
1678 2852 1937 2907 nostris„

393 2939 509 2996 Vix
534 2957 601 2995 ea
623 2940 770 2994 fatus
794 2957 975 2995 eram:
1015 2946 1252 2995 tremere
1277 2943 1466 2996 omnia
1489 2942 1607 2996 visa
1629 2944 1875 3010 repente,

320 3027 649 3096 Liminaque
671 3028 967 3097 laurusque
990 3027 1093 3097 dei,
1122 3033 1382 3098 totusque
1403 3029 1618 3083 moveri

323 3114 482 3169 Mons
506 3115 731 3183 circum,
761 3119 819 3169 et
843 3116 1057 3183 mugire
1081 3116 1263 3183 adytis
1290 3117 1509 3170 cortina
1532 3115 1775 3170 reclusis.

320 3200 587 3255 Submissi
612 3202 852 3270 petimus
875 3206 1095 3270 terram,
1126 3207 1183 3256 et
1208 3219 1317 3256 vox
1340 3203 1518 3256 fertur
1542 3203 1611 3257 ad
1636 3202 1816 3258 auris:

323 3288 358 3317 ‘⁶
374 3288 733 3342 Dardanidae
757 3288 897 3356 duri,
928 3306 1066 3358 quae
1089 3306 1188 3343 vos
1213 3306 1247 3343 a
1271 3290 1442 3358 stirpe
1465 3295 1761 3358 parentum

317 3373 506 3430 Prima
529 3376 662 3430 tulit
686 3375 868 3445 tellus,
898 3377 1090 3436 eadem
1118 3394 1215 3431 vos
1232 3378 1403 3431 ubere
1426 3377 1575 3431 laeto

316 3459 576 3533 Accipiet
600 3462 851 3518 reduces.
924 3462 1229 3533 Antiquam
1256 3465 1529 3532 exquirite
1552 3468 1808 3517 matrem.

314 3543 425 3612 Ru
444 3549 650 3608 demus
675 3548 905 3604 Aeneae
929 3551 1142 3605 cunctis
1166 3550 1545 3604 dominabitur
1569 3550 1698 3618 oris,

2291 755 2358 807 65

2288 1189 2358 1247 ’70

2291 1623 2358 1681 75

2290 2063 2359 2115 80

2288 2503 2357 2556 85

2291 2940 2360 2993 90

2291 3374 2359 3427 95
