2725 3917
956 246 1231 297 VERGILI
1273 243 1605 294 AENEIDOS
1648 245 1742 295 111.

335 411 558 467 Talibus
577 409 848 464 attonitus
873 408 1002 461 visis
1028 412 1085 461 et
1108 422 1246 461 voce
1271 406 1575 460 deorum—

335 497 456 552 Nec
481 513 645 567 sopor
668 494 805 548 inud
829 499 964 562 erat,
994 493 1090 547 sed
1114 509 1301 548 coram
1327 508 1625 562 agnoscere
1649 490 1834 546 voltus

342 584 671 653 Velatasque
695 597 880 635 comas
903 581 1324 650 praesentiaque
1350 596 1448 633 ora
1474 578 1731 646 videbar-3

336 669 474 723 Tum
501 669 710 739 gelidus
733 672 856 722 toto
880 668 1145 724 manabat
1169 683 1401 736 corpore
1428 666 1669 721 sudor-

338 756 594 826 Corripio
619 771 649 810 e
675 756 862 809 stratis
887 770 1102 823 corpu8‚
1130 754 1411 822 tendoque
1435 754 1661 822 supinas

337 843 431 898 Ad
456 843 668 898 caelum
692 859 820 897 cum
844 858 979 896 voce
1003 857 1213 909 manus,
1244 845 1301 894 et
1324 856 1555 894 munera
1576 840 1692 893 libo

337 933 678 987 Intemerata
699 930 851 985 focis.
925 929 1183 985 Perfecto
1206 929 1386 984 laetus
1408 929 1624 982 honore

336 1019 621 1073 Anchisen
642 1019 790 1073 facio
815 1021 1045 1087 certum,
1073 1032 1302 1085 remque
1327 1016 1525 1070 ordine
1549 1015 1748 1085 pando,

338 1107 587 1176 Agnovit
610 1106 824 1176 prolem
849 1106 1160 1174 ambiguam
1184 1104 1540 1173 geminosque
1562 1107 1839 1172 parentes,

337 1194 517 1264 Seque
539 1209 688 1247 novo
711 1197 961 1246 veterum
986 1191 1280 1258 deceptum
1304 1206 1493 1243 errore
1516 1190 1785 1245 locorum.

338 1280 478 1334 Tum
500 1283 801 1333 memorat:
847 1279 882 1307 ‘⁶
898 1276 1060 1345 Nate,
1088 1275 1273 1331 Iliacis
1297 1276 1540 1330 exercite
1563 1277 1714 1346 fatis,

338 1366 469 1421 Sola
491 1366 630 1419 mihi
653 1365 780 1420 talis
803 1381 961 1419 casus
987 1363 1298 1418 Cassandra
1321 1364 1572 1418 canebat.

338 1453 504 1508 Nunc
527 1457 720 1522 repeto
743 1452 880 1506 haec
903 1452 1091 1520 generi
1115 1452 1446 1521 portendere
1471 1451 1662 1506 debita
1683 1456 1891 1520 nostro,

337 1541 413 1595 Et
436 1556 598 1609 saepe
622 1538 961 1609 Hesperiam,
988 1555 1150 1607 saepe
1174 1538 1317 1594 Itala
1339 1555 1512 1608 regna
1536 1554 1750 1593 vocare.

339 1627 448 1683 Sed
473 1627 596 1697 quis
619 1626 687 1681 ad
714 1625 1014 1695 Hesperiae
1041 1630 1302 1680 venturos
1327 1626 1493 1680 litora
1516 1625 1761 1680 Teucros

340 1714 644 1771 Crederet?
683 1718 779 1767 aut
803 1730 963 1782 quem
989 1717 1109 1767 tum
1132 1716 1291 1767 vates
1317 1711 1627 1767 Cassandra
1651 1713 1939 1767 moveret?

340 1801 612 1857 Cedamus
636 1799 878 1867 Phoebe,
908 1804 965 1854 et
990 1799 1190 1853 moniti
1212 1798 1446 1854 meliora
1469 1799 1815 1869 sequamur.”

339 1888 430 1943 Sic
455 1890 549 1958 ait,
577 1893 635 1943 et
657 1888 842 1942 cuncti
867 1887 1018 1942 dicto
1045 1906 1300 1959 paremus
1326 1894 1573 1943 ovantes.

340 1976 499 2033 Hanc
524 1994 740 2047 quoque
765 1977 1066 2032 deserimus
1090 1977 1290 2044 sedem,
1320 1978 1620 2047 paucisque
1642 1976 1848 2030 relictis

343 2062 487 2118 Vela
508 2065 716 2132 damuS,
743 2071 1073 2134 vastumque
1098 2080 1230 2119 cava
1253 2064 1414 2117 trabe
1440 2064 1706 2118 currimus
1729 2080 1951 2134 aequor.

411 2151 710 2219 Postquam
737 2150 908 2204 altum
935 2157 1162 2205 tenuere
1186 2157 1350 2220 rates,
1382 2168 1482 2206 nec
1507 2152 1617 2206 iam
1644 2152 1875 2221 amplius
1897 2150 2044 2205 ullae

341 2236 631 2305 Apparent
654 2241 851 2304 terrae,
879 2236 1091 2291 caelum
1117 2237 1359 2306 undique
1388 2243 1446 2292 et
1468 2237 1712 2307 undique
1735 2244 1958 2307 pontus,

341 2322 480 2376 Tum
504 2322 641 2376 mihi
666 2323 944 2377 caeruleus
966 2339 1132 2392 supra
1154 2330 1321 2393 caput
1343 2325 1522 2379 astitit
1543 2326 1737 2392 imber,

341 2409 576 2465 Noctem
603 2410 950 2479 hiememque
975 2411 1172 2480 ferens,
1202 2416 1260 2465 et
1282 2411 1561 2467 inhorruit
1584 2413 1734 2467 unda
1757 2411 2016 2467 tenebris.

343 2496 622 2551 Continuo
651 2498 806 2551 venti
829 2498 1064 2552 volvunt
1087 2514 1238 2553 mare
1262 2515 1568 2568 magnaque
1592 2504 1827 2568 surgunt

344 2580 630 2649 Aequora3
671 2581 900 2650 dispersi
926 2583 1194 2637 iactamur
1218 2585 1434 2652 gurgite
1462 2589 1648 2651 vast03

341 2666 633 2722 Involvere
656 2668 805 2722 diem
829 2669 1020 2737 nimbi,
1051 2676 1108 2723 et
1133 2687 1246 2724 nox
1270 2671 1461 2725 umida
1484 2671 1692 2725 caelum

340 2753 592 2807 Abstulit
611 2772 623 2822 3
663 2754 1005 2823 ingeminant
1030 2756 1277 2824 abruptis
1300 2756 1539 2811 nubibus
1561 2758 1734 2826 ignes.

342 2840 667 2894 Excutimur
692 2857 869 2910 cursu,
898 2846 956 2896 et
982 2842 1159 2896 caecis
1184 2859 1430 2896 erramus
1454 2844 1513 2896 in
1536 2844 1715 2898 undis.

342 2926 468 2995 Ipse
493 2926 638 2980 diem
664 2933 992 2996 noctemque
1015 2933 1184 2996 negat
1210 2928 1524 2983 discernere
1550 2930 1719 2997 caelo,

343 3012 398 3067 N
400 3030 463 3067 ec
486 3013 802 3067 meminisse
825 3014 946 3068 viae
968 3014 1154 3068 media
1171 3014 1468 3069 Palinurus
1491 3016 1550 3069 in
1574 3016 1738 3071 unda.

342 3100 465 3154 Tris
489 3099 627 3154 adeo
650 3099 892 3154 incertos
915 3117 1079 3155 caeca
1103 3101 1334 3169 caligine
1359 3103 1502 3156 soles

341 3187 604 3241 Erramus
628 3186 837 3256 pelago,
864 3187 1099 3240 totidem
1124 3187 1240 3241 sine
1264 3188 1443 3243 sidere
1464 3195 1670 3243 noctes.

346 3275 557 3340 Quarto
582 3279 733 3328 terra
755 3274 844 3328 die
871 3274 1111 3343 primum
1136 3290 1193 3327 se
1218 3275 1473 3329 attollere
1499 3276 1722 3331 tandem

344 3361 496 3430 Visa,
526 3361 742 3430 aperire
765 3361 957 3430 procul
983 3362 1209 3429 montis,
1228 3378 1302 3420 ,ac
1328 3362 1553 3416 volvere
1576 3363 1806 3417 fumum.

342 3447 488 3502 Vela
512 3447 731 3517 cadunt,
759 3448 924 3502 remis
949 3448 1311 3517 insurgimus3
1351 3448 1501 3503 haud
1525 3466 1698 3518 mora,
1726 3452 1932 3502 nautae

344 3534 554 3587 Adnixi
579 3538 841 3602 torquent
864 3551 1083 3603 spumas
1109 3540 1166 3588 et
1190 3534 1406 3589 caerula
1427 3542 1672 3591 verrunt.

2274 667 2376 724 1⁰75

2275 1105 2377 1159 180

2274 1535 2378 1592 185

2275 1975 2377 2027 190

2271 2409 2374 2463 195

2276 2844 2382 2895 200

2277 3273 2382 3327 205
