2725 3917
951 259 1229 311 VERGILI
1273 260 1410 310 AEN
1413 260 1603 312 EIDOS
1645 261 1686 312 1.

297 419 421 473 Hoc
443 422 714 486 metuens,
742 416 1051 487 molemque
1076 423 1135 473 et
1156 420 1364 473 montis
1389 420 1612 489 insuper
1637 419 1779 475 altos

294 505 584 573 Imposuit,
614 521 907 573 regemque
929 504 1097 572 dedit,
1128 506 1220 574 qui
1244 505 1464 559 foedere
1488 509 1644 559 certo

295 591 369 644 Et
392 608 646 659 premere
672 595 728 644 et
752 590 905 644 laxas
930 592 1099 644 sciret
1121 591 1257 645 dare
1281 592 1460 644 iussus
1482 591 1742 646 habenas.

300 677 392 731 Ad
418 694 582 746 quem
607 682 722 730 tum
750 676 891 730 Iuno
916 677 1146 746 supplex
1171 677 1260 730 his
1282 678 1514 731 vocibus
1540 695 1637 732 usa
1661 683 1779 732 est:

371 766 406 792 ‘⁶
427 763 620 830 Aeole,
649 780 887 832 namque
910 763 1013 816 tibi
1039 764 1222 817 divom
1247 769 1406 832 pater
1431 770 1597 833 atque
1621 765 1910 818 hominum
1934 782 2034 820 rex

295 849 372 902 Et
394 848 636 902 mulcere
662 849 816 902 dedit
840 849 1039 903 fluctus
1064 855 1121 903 et
1144 851 1341 904 tollere
1367 857 1553 917 vente,

298 937 452 988 Gens
474 935 699 989 inimica
720 936 857 989 mihi
882 935 1230 1003 Tyrrhenum
1257 937 1486 1004 navigat
1510 954 1730 1007 aequor,

297 1021 465 1074 Ilium
490 1022 547 1074 in
573 1022 790 1075 Italiam
814 1028 1044 1090 portans
1069 1024 1354 1091 victosque
1380 1023 1636 1078 Penatis:

299 1108 495 1161 Incute
521 1110 634 1161 vim
659 1109 841 1162 ventis
865 1110 1282 1177 submersasque
1309 1111 1483 1164 obrue
1506 1112 1724 1179 puppis,

300 1195 418 1247 Aut
443 1211 543 1263 age
567 1195 816 1248 diversos
840 1200 897 1249 et
920 1195 1092 1249 disice
1118 1212 1353 1263 corpora
1376 1202 1566 1265 pont0.

301 1282 442 1335 Sunt
465 1282 602 1334 mihi
628 1283 714 1337 bis
739 1274 950 1351 septem
977 1283 1282 1352 praestanti
1307 1300 1540 1352 corpore
1567 1284 1873 1354 Nymphae,

302 1370 545 1434 Quarum
573 1386 711 1438 quae
734 1359 925 1423 forma
938 1370 1310 1438 pulcherrima
1334 1370 1595 1439 Deiopea,

301 1456 554 1509 Conubio
578 1458 800 1525 iungam
826 1456 1010 1510 stabili
1032 1457 1421 1525 propriamque
1445 1458 1655 1527 dicab0,

302 1542 498 1596 Omnis
520 1549 585 1596 ut
607 1547 793 1597 tecum
820 1545 1034 1597 meritis
1058 1560 1160 1613 pro
1185 1543 1390 1597 talibus
1414 1561 1587 1597 annos

301 1629 504 1698 Exigat
527 1635 586 1684 et
607 1630 840 1699 pulchra
865 1631 1034 1684 faciat
1058 1635 1115 1683 te
1138 1630 1298 1698 prole
1323 1630 1668 1699 parentem.'’

372 1715 583 1770 Aeolus
606 1716 743 1770 haec
769 1712 992 1771 contra:
1038 1718 1072 1745 ‘⁴
1088 1716 1251 1784 Tuus,
1281 1733 1314 1769 o
1341 1717 1548 1784 regina,
1576 1717 1707 1785 quid
1734 1724 1908 1786 optes,

303 1803 605 1873 Explorare
628 1803 815 1871 labor3
855 1804 994 1857 mihi
1020 1805 1165 1857 iussa
1189 1820 1474 1872 capessere
1500 1804 1583 1857 fas
1609 1809 1709 1857 est.

304 1890 384 1943 Tu
407 1890 556 1958 mihi,
587 1890 970 1959 quodcumque
994 1890 1101 1943 hoc
1126 1891 1298 1958 regni,
1328 1896 1392 1943 tu
1418 1895 1635 1958 sceptra
1659 1890 1960 1959 Iovemque

307 1975 592 2044 Concilias,
621 1983 685 2030 tu
710 1976 808 2030 das
832 1977 1008 2045 epulis
1032 1977 1355 2030 accumbere
1381 1976 1585 2043 divom,

305 2060 743 2133 Nimborumque
765 2064 899 2118 facis
922 2067 1425 2132 tempestatumque
1448 2063 1791 2131 potentem-'²

373 2149 525 2204 Haec
548 2151 644 2204 ubi
671 2150 831 2219 dicta,
862 2167 1055 2204 cavum
1083 2166 1348 2202 conversa
1373 2149 1597 2216 cuspide
1622 2155 1866 2204 montem

304 2234 530 2304 Impulit
552 2236 611 2290 in
637 2236 809 2302 latus3
852 2252 914 2290 ac
939 2236 1110 2304 venti,
1138 2235 1292 2288 velut
1317 2235 1534 2303 agmine
1558 2236 1725 2302 facte,

306 2321 428 2387 Qua
450 2323 582 2377 data
604 2329 780 2392 porta,
809 2327 981 2376 ruunt
1003 2328 1061 2376 et
1085 2327 1260 2375 terras
1284 2322 1506 2374 turbine
1530 2322 1786 2390 perflant.

305 2409 608 2464 Incubuere
633 2411 787 2477 mari,
817 2416 1107 2478 totumque
1132 2426 1164 2462 a
1187 2408 1406 2461 sedibus
1429 2409 1556 2461 imis

305 2496 425 2551 Una
448 2497 736 2566 Eurusque
762 2496 1048 2566 Notusque
1072 2501 1243 2549 ruunt
1266 2496 1566 2563 creberque
1591 2496 1848 2563 procellis

302 2584 541 2648 AfricuS‚
571 2589 629 2637 et
654 2588 839 2637 vastos
866 2583 1096 2636 volvunt
1122 2583 1191 2636 ad
1216 2582 1382 2635 litora
1404 2582 1617 2635 fluctus,

302 2668 619 2738 Insequitur
643 2669 956 2736 clamorque
982 2669 1163 2721 virum
1193 2667 1503 2735 stridorque
1531 2667 1841 2721 rudentum.

300 2756 561 2825 Eripiunt
586 2756 771 2808 subito
795 2756 971 2808 nubes
996 2753 1314 2822 caelumque
1341 2753 1598 2821 diemque

300 2843 635 2896 Teucrorum
663 2858 731 2895 ex
758 2840 961 2907 oculis3
1002 2846 1175 2908 ponto
1199 2857 1310 2893 nox
1335 2840 1561 2893 incubat
1586 2844 1723 2893 atra.

299 2928 601 2983 Intonuere
626 2928 755 2997 poli,
785 2931 842 2979 et
865 2927 1074 2980 crebris
1096 2928 1267 2979 micat
1291 2925 1511 2994 ignibus
1537 2925 1745 2993 aether,

298 3016 764 3083 Praesentemque
790 3013 922 3066 viris
944 3014 1226 3066 intentant
1252 3013 1439 3067 omnia
1466 3018 1719 3066 mortem.

296 3101 597 3172 Extemplo
621 3101 847 3154 Aeneae
872 3099 1164 3153 solvuntur
1188 3100 1392 3166 frigore
1418 3100 1698 3166 membra3
1803 3101 1884 3138 Ὀ*

298 3188 556 3258 Ingemit,
585 3191 644 3241 et
668 3187 902 3255 duplicis
925 3186 1157 3239 tendens
1181 3185 1249 3238 ad
1276 3185 1457 3238 sidera
1481 3185 1690 3254 palmas
1859 3181 1890 3214 '¹'

297 3273 449 3332 Talia
473 3291 613 3328 voce
637 3271 856 3326 refert?
879 3274 910 3301 “
932 3272 981 3325 O
1008 3277 1201 3341 terque
1227 3277 1527 3340 quaterque
1553 3272 1715 3338 beati,

296 3358 435 3428 Q'ae
456 3365 593 3418 ante
617 3376 715 3413 ora
738 3364 956 3427 patrum
984 3356 1177 3412 Troiae
1202 3357 1304 3411 sub
1327 3357 1618 3409 moenibus
1643 3357 1771 3410 altis

294 3437 551 3522 (1ῳῷ
574 3448 868 3516 oppetere!
912 3462 946 3498 o
970 3444 1221 3498 Danaum
1249 3444 1543 3497 fortissime
1568 3444 1750 3511 gentis

290 3527 539 3626 We!
577 3549 742 3586 mene
766 3532 948 3586 Iliacis
974 3531 1298 3585 occumbere
1323 3530 1530 3596 campis

206 3655 221 3668 ¹·
390 3655 421 3678 ,ιι-

2264 770 2330 821 65

2265 1200 2333 1256 70

2270 1632 2336 1689 75

2270 2500 2336 2550 85

2268 2929 2335 2980 90
