2725 3917
1057 994 1116 1062 P.
1152 993 1435 1062 VERGILI
1484 991 1724 1061 MARON
1727 990 1787 1060 IS

865 1176 960 1251 A
1029 1157 1117 1250 Ε
1173 1176 1264 1250 N
1335 1175 1408 1247 E
1482 1174 1527 1248 I
1596 1174 1676 1249 1)
1756 1172 1828 1249 o
1905 1173 1960 1250 s

1013 1369 1284 1431 LIBER
1342 1368 1829 1431 SECUNDUS.

401 1695 729 1750 Conticuere
756 1712 960 1764 omneS,
988 1695 1300 1765 intentique
1329 1711 1426 1749 ora
1451 1695 1732 1747 tenebant.

397 1782 535 1836 Inde
557 1787 682 1836 toro
706 1787 865 1851 pater
890 1782 1111 1838 Aeneas
1135 1784 1213 1837 sic
1239 1799 1396 1836 orsus
1422 1781 1492 1835 ab
1518 1780 1658 1835 alto:

471 1869 829 1937 “Infandum,
858 1869 1086 1939 Regina,
1113 1870 1270 1924 iubes
1293 1885 1561 1926 renovare
1588 1867 1852 1935 dolorem,

398 1954 661 2030 Troianas
683 1962 746 2010 ut
772 1974 904 2026 opes
928 1962 985 2011 et
1008 1957 1361 2011 lamentabile
1389 1972 1621 2024 regnum

396 2041 657 2097 Eruerint
684 2043 894 2111 Danai3
938 2060 1182 2113 quaeque
1208 2045 1326 2112 ipse
1352 2042 1659 2096 miserrima
1684 2043 1817 2111 vidi,

397 2128 471 2181 Et
497 2146 730 2198 quorum
752 2146 883 2199 pars
905 2147 1104 2198 magna
1127 2130 1227 2183 fui.
1308 2128 1447 2194 Quis
1472 2129 1605 2182 talia
1627 2129 1801 2183 fando

397 2213 807 2282 Myrmidonum
832 2216 1185 2283 Dolopumve
1213 2219 1309 2270 aut
1334 2215 1468 2268 duri¹
1484 2215 1641 2269 miles
1666 2216 1818 2270 Ulixi

398 2301 687 2371 Temperet
713 2319 745 2356 a
766 2302 1041 2356 lacrimis?
1080 2307 1136 2356 et
1161 2302 1271 2355 iam
1295 2318 1408 2355 nox
1433 2301 1622 2356 umida
1647 2304 1799 2358 caelo

396 2388 747 2457 Praecipitat,
776 2388 1117 2458 suadentque
1144 2389 1400 2443 cadentia
1427 2388 1605 2443 sidera
1632 2407 1871 2446 somnos·

399 2475 506 2529 Sed
531 2476 577 2528 si
600 2480 788 2529 tantus
813 2493 968 2529 amor
993 2493 1149 2529 casus
1175 2492 1504 2544 cognoscere
1531 2482 1751 2531 nostros

396 2563 469 2615 Et
493 2563 735 2616 breviter
760 2561 954 2617 Troiae
979 2579 1296 2633 supremum
1325 2561 1514 2617 audire
1538 2563 1801 2633 laborem,

399 2648 739 2717 Quamquam
765 2649 982 2704 animus
1006 2650 1323 2703 meminisse
1350 2649 1561 2719 horret,
1591 2650 1852 2721 luctuque
1875 2648 2100 2718 refugit,

395 2735 674 2804 Incipiam.
767 2736 952 2790 Fracti
977 2735 1123 2790 bello
1150 2736 1392 2805 fatisque
1419 2736 1624 2804 repulsi

393 2823 667 2877 Ductores
690 2822 960 2892 Danaum,
989 2827 1076 2876 tot
1101 2823 1214 2876 iam
1241 2821 1557 2875 labentibus
1584 2822 1759 2889 annis,

392 2909 576 2962 Instar
600 2909 804 2963 montis
828 2925 1029 2978 equum
1055 2908 1247 2962 divina
1272 2906 1513 2962 Palladis
1537 2914 1659 2963 arte

393 2995 724 3064 Aedificant,
753 3003 1009 3065 sectaque
1034 2996 1292 3049 intexunt
1318 2995 1500 3049 abiete
1526 3000 1736 3063 costas3

393 3083 604 3138 Votum
630 3098 733 3151 pro
757 3081 940 3137 reditu
965 3082 1255 3151 simulant3
1298 3098 1363 3135 ea
1386 3082 1534 3136 fama
1557 3087 1806 3151 vagatur.

393 3170 516 3224 Huc
542 3169 757 3224 delecta
780 3169 960 3223 virum
989 3169 1169 3223 sortiti
1196 3185 1429 3237 corpora
1452 3169 1647 3222 furtim

392 3255 692 3310 Includunt
717 3271 880 3310 caeco
904 3255 1081 3324 lateri,
1111 3255 1440 3323 penitusque
1468 3271 1732 3322 cavernas

393 3342 640 3412 Ingentis
663 3347 993 3412 uterumque
1021 3347 1232 3394 armato
1256 3340 1434 3395 milite
1460 3340 1758 3410 complent.

461 3429 565 3484 Est
586 3431 647 3484 in
673 3434 973 3499 conspectu
997 3427 1259 3495 Tenedos,
1287 3428 1576 3482 notissima
1599 3430 1753 3483 fama

393 3516 595 3586 Insula,
624 3516 779 3571 dives
806 3530 988 3584 opum,
1018 3512 1226 3567 Priami
1251 3513 1384 3569 dum
1411 3532 1580 3584 regna
1605 3513 1920 3582 manebant,

2369 2477 2435 2529 10

2367 2906 2433 2961 15

2365 3341 2435 3393 20
