2725 3917
957 937 1016 1003 P.
1064 934 1341 1003 VERGILI
1393 934 1695 1003 MARONIS

800 1118 896 1193 A
957 1118 1031 1192 E
1093 1118 1184 1192 N
1246 1120 1318 1191 E
1386 1119 1429 1192 Ι
1494 1119 1576 1192 D
1646 1118 1719 1194 O
1789 1117 1844 1193 S

948 1311 1218 1372 LIBER
1277 1311 1694 1385 QUINTUS.

316 1637 538 1692 Interea
561 1637 804 1691 medium
831 1636 1050 1691 Aeneas
1076 1637 1185 1691 iam
1213 1637 1383 1691 classe
1409 1636 1635 1691 tenebat

279 1725 517 1796 „Certus
539 1726 661 1792 iter,
688 1725 995 1793 fluctusque
1022 1730 1172 1778 atros
1197 1726 1451 1793 aquilone
1476 1725 1711 1790 secabat,

319 1812 538 1865 Moenia
562 1812 873 1879 respiciens,
905 1827 1042 1880 quae
1067 1812 1176 1864 iam
1204 1812 1437 1864 infelicis
1462 1811 1671 1864 Elissae

322 1898 629 1952 Conlucent
652 1897 900 1951 flammis,
977 1898 1131 1963 Quae
1157 1903 1376 1950 tantum
1406 1895 1716 1949 accenderit
1742 1895 1941 1962 ignem,

323 1986 499 2040 Causa
522 1986 688 2052 latet3
729 1985 853 2037 duri
877 2001 1078 2053 magno
1105 1984 1201 2038 sed
1226 2000 1412 2037 amore
1436 1982 1657 2037 dolores

322 2073 558 2141 PolIuto,
590 2079 904 2141 notumque,
932 2073 1122 2126 furens
1148 2072 1278 2141 quid
1306 2072 1510 2126 femina
1534 2075 1724 2143 possit,

322 2161 497 2215 Triste
520 2177 621 2228 per
646 2161 933 2228 augurium
958 2159 1295 2213 Teucrorum
1320 2164 1546 2228 pectora
1570 2160 1792 2216 ducunt.

391 2247 468 2301 Ut
492 2248 718 2317 pelagus
743 2253 971 2300 tenuere
997 2252 1160 2314 rateS,
1176 2263 1293 2327 ‘nec
1319 2246 1428 2300 iam
1455 2247 1689 2317 amplius
1711 2248 1825 2302 ulla

325 2333 578 2388 Occurrit
600 2333 781 2403 tellus,
808 2334 985 2387 maria
1010 2321 1332 2401 undique-et
1354 2329 1600 2405 undique
1628 2334 1856 2402 caelum,

325 2420 430 2474 Olli
457 2421 738 2475 caeruleus
761 2437 930 2489 supra
954 2426 1122 2489 caput
1149 2421 1326 2475 astitit
1354 2422 1549 2490 imber,

325 2507 558 2562 Noctem
582 2507 929 2576 hiememque
954 2507 1152 2575 ferens,
1182 2512 1240 2561 et
1264 2507 1546 2562 inhorruit
1571 2508 1716 2562 unda
1742 2508 2000 2562 tenebris.

326 2594 447 2664 Ipse
472 2596 810 2663 gubernator
834 2594 1004 2663 puppi
1028 2594 1323 2649 Palinurus
1349 2597 1419 2649 ab
1448 2596 1589 2650 alta:

329 2682 362 2711 “
378 2682 529 2735 Heu!
562 2682 814 2750 quianam
840 2681 985 2734 tanti
1011 2682 1304 2735 cinxerunt
1334 2683 1561 2737 aethera
1586 2682 1792 2735 nimbi?

326 2765 553 2832 Quidve,
583 2769 744 2833 pater
766 2763 822 2817 N
824 2769 1045 2832 eptune,
1076 2783 1238 2834 paras
1260 2768 1281 2820 2
1300 2767 1331 2795 '²
1406 2767 1497 2820 Sic
1522 2766 1723 2819 deinde
1746 2765 1964 2821 locutus

328 2849 597 2917 Colligere
622 2866 776 2903 arma
798 2850 952 2903 iubet
979 2849 1285 2921 validisque
1313 2852 1632 2905 incumbere
1657 2852 1836 2919 remis,

327 2935 695 3005 Obliquatque
719 2936 871 2989 sinus
894 2938 952 2989 in
979 2942 1222 3005 ventum,
1255 2955 1320 2992 ac
1345 2938 1478 2992 talia
1502 2938 1677 2991 fatur:

330 3022 726 3091 “Magnanime
751 3024 958 3091 Aenea,
988 3041 1117 3091 non,
1150 3025 1192 3077 si
1219 3024 1354 3077 mihi
1380 3025 1630 3093 Iuppiter
1657 3030 1849 3078 auctor

327 3108 618 3177 Spondeat,
645 3109 753 3163 hoc
779 3123 993 3178 sperem
1024 3110 1236 3164 Italiam
1266 3111 1586 3179 contingere
1613 3112 1780 3165 caelo,

328 3194 523 3250 Mutati
546 3203 864 3252 transversa
889 3199 1140 3251 fremunt
1163 3203 1220 3251 et
1244 3213 1472 3265 vespere
1498 3198 1566 3251 ab
1592 3203 1714 3251 atro

331 3282 681 3351 Consurgunt
706 3284 875 3351 venti,
906 3288 1069 3352 atque
1095 3284 1150 3336 in
1177 3273 1382 3336 nubem
1409 3284 1624 3351 cogitur
1650 3301 1759 3338 aer.

329 3368 444 3425 Nec
466 3388 571 3425 nos
597 3372 774 3426 obniti
803 3376 1012 3439 contra,
1039 3387 1144 3424 nec
1169 3370 1398 3423 tendere
1424 3375 1642 3424 tantum

330 3454 650 3513 Sufficimus.
728 3457 967 3526 Superat
991 3457 1249 3526 quoniam
1275 3457 1538 3523 Fortuna,
1571 3472 1882 3525 sequamur,

331 3537 555 3616 Quoque
578 3550 759 3617 vocat,
790 3548 1071 3598 vertamus
1095 3544 1215 3598 iter.
1290 3542 1346 3596 N
1349 3560 1412 3597 ec
1442 3543 1610 3596 litora
1634 3542 1799 3609 longe

2289 2421 2355 2473 10

2290 2851 2356 2901 15

2291 3281 2361 3332 20
