2725 3917
838 236 1114 287 VERGILI
1159 234 1492 285 AENEIDOS
1535 233 1625 284 IV.

205 436 213 446 ·
312 403 460 456 Testor
476 403 733 468 utrumque
758 396 1186 467 caput—celeris
1210 394 1469 450 mandata
1491 410 1591 462 per
1615 409 1777 448 auras

305 487 492 554 Detulit3
522 487 619 554 ipse
643 483 1128 538 deummanifesto
1151 483 1211 536 in
1232 482 1442 536 lumine
1465 481 1582 534 vidi

296 574 541 627 ‚Intrantem
558 587 754 638 muros,
782 585 1084 638 vocemque
1107 569 1196 622 his
1218 568 1443 622 auribus
1463 567 1640 621 hausi.

297 660 459 713 Desine
475 674 642 726 meque
666 656 776 709 tuis
801 656 1095 709 incendere
1118 661 1284 724 teque
1308 654 1576 724 querelis:

292 746 465 800 Italiam
484 761 577 798 non
599 749 797 812 sponte
821 742 1077 811 sequor.'’

346 833 470 886 Talia
487 832 739 885 dicentem
762 829 1085 883 iamdudum
1109 845 1302 882 aversa
1324 832 1531 895 tuetur,

285 920 388 974 Huc
406 919 511 972 illuc
531 917 750 971 volvens
774 916 977 984 oculos,
1005 920 1295 983 totumque
1317 918 1571 983 pererrat

279 1005 551 1059 Luminibus
569 1003 765 1072 tacitis,
793 1006 851 1056 et
873 1002 951 1056 sic
976 1017 1208 1055 accensa
1228 1002 1519 1069 profatur:

282 1091 368 1144 “N
368 1108 421 1145 ec
440 1092 529 1144 tibi
549 1090 672 1143 diva
694 1105 912 1158 parens,
941 1088 1157 1156 generis
1181 1104 1281 1141 nec
1304 1088 1600 1144 Dardanus
1625 1092 1836 1157 auctor,

271 1178 482 1246 Perfide3
517 1171 602 1230 sed
626 1177 778 1229 duris
800 1177 992 1244 genuit
1014 1181 1070 1230 te
1094 1178 1347 1231 cautibus
1370 1177 1605 1231 horrens

270 1266 518 1332 Caucasus,
543 1264 934 1332 Hyrcanaeque
959 1263 1253 1317 admorunt
1274 1264 1449 1318 ubera
1471 1264 1658 1331 tigres.

262 1352 390 1406 Nam
412 1351 528 1420 quid
550 1349 864 1403 dissimulo?
904 1355 1001 1403 aut
1025 1367 1164 1419 quae
1186 1366 1277 1404 me
1302 1351 1376 1404 ad
1398 1350 1612 1404 maiora
1630 1350 1895 1404 reservo?

257 1438 391 1492 Num
413 1437 533 1491 fletu
553 1437 819 1505 ingemuit
841 1438 1069 1491 nostro?
1104 1454 1239 1490 num
1263 1437 1475 1490 lumina
1497 1436 1686 1490 flexit?

251 1525 386 1579 Num
407 1524 646 1578 lacrimas
667 1524 850 1577 victus
871 1523 1041 1592 dedit,
1070 1529 1167 1577 aut
1189 1524 1482 1577 miseratus
1506 1529 1782 1577 amantem
1810 1522 1931 1576 est?

196 1675 203 1686 Δ
248 1614 386 1679 Quae
410 1615 597 1684 quibus
620 1615 962 1669 anteferam?
1023 1614 1139 1668 Iam
1166 1615 1276 1667 iam
1301 1629 1405 1666 nec
1429 1611 1672 1665 maxima
1695 1610 1848 1678 Iun0,

238 1699 350 1755 Nec
373 1700 654 1755 Saturnius
677 1701 816 1756 haec
841 1700 1012 1756 oculis
1033 1706 1192 1770 pater
1216 1699 1412 1768 aspicit
1436 1697 1640 1764 aequis.

234 1786 507 1856 Nusquam
531 1792 654 1841 tuta
676 1788 828 1843 fides.
900 1788 1154 1843 Eiectum
1178 1787 1358 1853 litore,
1388 1787 1640 1860 egentem

226 1873 428 1943 Excepi
453 1880 509 1928 et
531 1875 688 1943 regni
713 1874 937 1929 demens
959 1876 1015 1928 in
1043 1881 1203 1944 parte
1226 1873 1438 1937 locavi3
1491 1899 1504 1924 ,ι

221 1962 492 2018 Amissam
521 1964 766 2032 classem,
796 1964 978 2017 socios
1002 1980 1036 2017 a
1055 1967 1238 2015 morte
1262 1960 1475 2013 reduxi.

214 2048 336 2103 Heu
362 2052 529 2104 furiis
552 2051 776 2104 incensa
799 2050 977 2103 feror!
1054 2047 1220 2101 Nunc
1245 2063 1421 2114 augur
1445 2045 1666 2114 Apollo,

207 2133 372 2191 Nunc
398 2137 608 2204 Lyciae
634 2143 826 2204 sortes,
856 2152 1003 2189 nunc
1027 2141 1086 2189 et
1110 2134 1240 2188 Iove
1264 2133 1463 2186 missus
1486 2133 1556 2186 ab
1580 2133 1702 2200 ipso

199 2220 497 2292 Interpres
521 2224 712 2277 divom
734 2224 848 2277 fert
871 2222 1099 2276 horrida
1121 2223 1268 2274 iussa
1288 2237 1392 2288 per
1415 2236 1590 2273 auras.

104 2357 111 2366 .
193 2306 426 2363 Scilicet
451 2310 504 2362 is
530 2309 761 2378 Superis
784 2310 943 2364 labor
968 2314 1068 2376 est,
1096 2324 1162 2361 ea
1184 2323 1317 2360 cura
1342 2306 1558 2374 quietos

185 2394 499 2450 Sollicitat.
568 2395 766 2465 Neque
789 2401 846 2450 te
870 2401 1050 2463 tene0,
1079 2410 1258 2462 neque
1282 2393 1432 2446 dicta
1453 2392 1682 2458 resell03

176 2481 220 2549 Ι,
250 2499 506 2551 sequere
535 2481 761 2536 Italiam
783 2483 980 2549 ventiS,
1005 2485 1133 2550 pete
1157 2497 1329 2547 regna
1349 2496 1451 2548 per
1477 2479 1670 2532 undas.

168 2567 359 2636 Spero
391 2568 675 2637 equidem
699 2568 910 2637 mediiS,
937 2568 983 2621 si
1008 2567 1137 2636 quid
1161 2567 1255 2635 pia
1277 2566 1509 2619 numina
1530 2570 1776 2633 possunt,

160 2653 481 2724 Supplicia
507 2655 817 2709 hausurum
845 2654 1101 2723 scopulis,
1129 2659 1188 2707 et
1211 2653 1436 2707 nomine
1458 2651 1608 2705 Dido

150 2740 349 2810 Saepe
380 2747 756 2796 vocaturum.
788 2772 803 2784 ν
832 2741 1041 2809 Sequar
1066 2741 1199 2794 atris
1223 2740 1445 2808 ignibus
1470 2739 1681 2805 absens,

137 2825 236 2894 Et,
274 2845 428 2882 cum
456 2829 687 2897 frigida
710 2845 860 2881 mors
885 2828 1066 2882 anima
1089 2827 1374 2880 seduxerit
1399 2831 1566 2893 artus,

130 2913 460 2969 Omnibus
493 2916 709 2969 umbra
727 2914 865 2968 locis
890 2913 1073 2967 adero,
1146 2913 1335 2980 Dabis,
1362 2913 1631 2981 improbe,
1659 2928 1880 2981 poenas,

114 3002 437 3070 Audiam,
476 3008 547 3056 et
573 3003 720 3055 haec
743 3000 923 3054 Manis
945 3000 1132 3054 veniet
1158 3000 1295 3053 mihi
1318 3001 1471 3054 fama
1493 3000 1595 3053 sub
1618 3000 1813 3054 imos.''

106 3089 232 3143 His
262 3090 575 3143 medium
604 3089 768 3142 dictis
791 3103 1101 3142 sermonem
1126 3088 1419 3156 abrumpit,
1449 3093 1506 3141 et
1530 3104 1691 3140 auras

94 3178 334 3245 Aegra
366 3178 578 3245 fugit,
615 3191 784 3243 seque
808 3191 878 3227 ex
903 3174 1076 3248 oculis
1101 3174 1305 3227 avertit
1329 3179 1385 3226 et
1412 3174 1611 3241 aufert,

93 3263 457 3333 [inquens
488 3262 692 3315 multa
716 3266 868 3314 metu
892 3265 1241 3314 cunctantem
1268 3265 1325 3312 et
1349 3259 1526 3313 multa
1547 3266 1837 3328 parantem

93 3349 365 3404 vicere.
472 3348 826 3416 Suscipiunt
850 3347 1100 3415 famulae,
1129 3347 1496 3415 conlapsaque
1520 3347 1770 3400 membra

94 3436 497 3491 [al-mereo
534 3435 803 3489 referunt
824 3433 1069 3487 thalamo
1094 3433 1389 3501 stratisque
1413 3436 1707 3499 reponunt.

136 3523 261 3582 At
290 3525 476 3594 pius
512 3521 777 3590 AeneaS,
801 3536 1131 3589 quamquam
1154 3519 1328 3572 lenire
1353 3516 1634 3570 dolentem

2147 656 2252 707 360

2145 1090 2246 1140 365

2144 1521 2248 1579 370

2142 1958 2243 2014 375
2343 1967 2350 1972 ”

2141 2395 2245 2445 380

2141 2828 2243 2880 385

2140 3258 2243 3309 390
