2725 3917
1089 255 1368 308 VERGILI
1411 255 1742 308 AENEIDOS
1783 257 1824 307 I.

435 419 620 490 Exuit,
649 424 706 474 et
728 436 918 489 gressu
942 418 1185 488 gaudens
1207 418 1416 472 incedit
1439 418 1563 472 Iuli.

434 508 518 560 At
539 507 735 562 Venus
759 507 1004 560 Ascanio
1027 505 1299 575 placidam
1322 522 1424 574 per
1448 505 1697 560 membra
1721 506 1962 575 quietem

433 593 660 662 Inrigat,
691 597 747 647 et
769 593 949 647 fotum
975 593 1187 661 gremio
1211 592 1314 646 dea
1336 592 1487 646 tollit
1506 593 1566 645 in
1590 591 1732 647 altos

434 679 639 734 Idaliae
661 680 832 749 lucos,
860 680 956 733 ubi
978 679 1162 734 mollis
1186 696 1471 734 amaracus
1494 679 1650 733 illum

434 766 686 820 Floribus
708 772 766 821 et
791 767 937 821 dulci
964 767 1212 837 aspirans
1236 765 1621 836 complectitur
1644 768 1857 823 umbra.

502 853 728 923 Iamque
753 853 872 908 ibat
896 854 1047 908 dicto
1072 870 1272 923 pareus
1297 858 1354 907 et
1383 853 1531 907 dona
1556 852 1776 923 Cupido

433 940 607 1010 Regia
631 941 890 1009 portabat
916 940 1108 1009 Tyriis,
1137 939 1278 994 duce
1302 940 1480 994 laetus
1502 938 1737 995 Achate.

432 1027 574 1080 Cum
600 1028 768 1097 venit,
799 1027 1005 1083 aulaeis
1025 1027 1136 1082 iam
1163 1043 1222 1080 se
1246 1026 1437 1095 regina
1461 1027 1709 1096 superbis

433 1111 620 1168 Aurea
638 1114 948 1183 composuit
969 1113 1183 1182 sponda
1206 1113 1551 1182 mediamque
1574 1113 1782 1170 locavit
1800 1134 1816 1182 ς

431 1199 547 1253 Iam
575 1204 733 1268 pater
757 1198 980 1254 Aeneas
1005 1205 1061 1253 et
1084 1199 1196 1254 iam
1222 1199 1461 1255 Troiana
1482 1201 1739 1256 iuventus

433 1285 802 1352 Conveniunt,
828 1290 1111 1357 stratoque
1137 1303 1302 1357 super
1327 1287 1689 1343 discumbitur
1715 1294 1883 1345 ostro.

431 1371 583 1426 Dant
606 1372 797 1427 famuli
823 1372 1076 1428 manibus
1099 1373 1372 1443 lymphaS,
1403 1374 1767 1444 Cereremque
1792 1377 2047 1432 canistris

428 1458 767 1529 Expediunt,
801 1460 1082 1531 tonsisque
1107 1461 1295 1515 ferunt
1315 1462 1581 1517 mantelia
1604 1462 1763 1517 villis.

431 1545 846 1617 Quinquaginta
868 1547 1017 1601 intus
1039 1547 1293 1616 famulae,
1323 1547 1520 1617 quibus
1546 1548 1739 1603 ordine
1761 1550 1930 1619 longo

431 1632 580 1687 Cura
601 1649 807 1702 penum
839 1640 1067 1703 struere,
1096 1639 1152 1689 et
1174 1633 1411 1689 flammis
1435 1634 1653 1689 adolere
1676 1633 1934 1706 Penatis3

431 1718 668 1774 Centum
695 1719 834 1775 aliae
861 1720 1203 1792 totidemque
1226 1740 1390 1793 pares
1413 1729 1596 1779 aetate
1620 1723 1876 1790 ministri,

436 1809 545 1875 Qui
570 1810 802 1882 dapibus
826 1829 1040 1867 mensas
1065 1816 1299 1867 onerent
1323 1816 1381 1866 et
1405 1811 1604 1880 pocula
1627 1821 1856 1880 ponant.

430 1896 552 1953 Nec
574 1914 688 1952 nou
714 1903 771 1954 et
795 1897 945 1967 Tyrii
970 1915 1071 1969 per
1086 1899 1286 1953 limina
1309 1899 1458 1953 laeta
1480 1899 1800 1968 frequentes

427 1987 766 2058 Convenere,
793 1990 932 2044 toris
954 1989 1084 2043 iussi
1107 1988 1451 2043 discumbere
1474 1988 1653 2056 pictiS.

427 2072 702 2129 Mirantur
725 2075 874 2130 dona
898 2075 1137 2143 Aeneae,
1164 2074 1439 2128 mirantur
1462 2073 1644 2127 Iulum

427 2159 842 2232 Flagrantisque
866 2162 955 2215 dei
981 2163 1164 2216 voltus
1193 2161 1553 2231 simulataque
1578 2162 1765 2230 verba,

425 2245 742 2318 Pallamque
767 2252 824 2303 et
848 2249 1057 2317 pictum
1087 2264 1280 2302 croceo
1304 2248 1554 2303 velamen
1581 2249 1834 2304 acantho.

423 2333 727 2404 Praecipue
751 2334 958 2405 infelix,
986 2335 1129 2405 pesti
1154 2336 1356 2391 devota
1374 2336 1611 2405 futurae,

423 2420 651 2492 Expleri
674 2428 920 2477 mentem
943 2424 1139 2493 nequit
1163 2423 1508 2493 ardescitque
1532 2423 1741 2478 tuendo

424 2507 744 2578 Phoenissa,
775 2514 833 2564 et
857 2510 1062 2579 pariter
1085 2527 1260 2579 puero
1284 2511 1551 2579 donisque
1573 2516 1848 2564 movetur.

424 2594 526 2649 Ille
551 2597 647 2650 ubi
673 2596 965 2665 complexu
989 2597 1214 2652 Aeneae
1241 2598 1494 2667 colloque
1527 2596 1793 2667 pependit

423 2680 499 2735 Et
521 2699 777 2752 magnum
805 2682 934 2739 falsi
959 2684 1210 2754 implevit
1235 2684 1505 2753 genitoris
1531 2700 1790 2752 amorem,

424 2768 693 2836 Reginam
718 2771 878 2839 petit.
954 2770 1104 2826 Haec
1130 2771 1321 2836 oculis»,
1349 2771 1488 2825 haec
1513 2777 1737 2840 pectore
1762 2773 1886 2824 toto

426 2854 648 2924 Haeret,
678 2862 735 2911 et
758 2857 1038 2911 interdum
1062 2857 1274 2927 gremio
1299 2858 1467 2926 fovet,
1492 2858 1663 2912 inscia
1683 2856 1847 2923 Dido,

423 2938 667 2997 Insideat
691 2949 926 3013 quantus
948 2944 1184 3015 miserae
1208 2943 1359 2998 deus,
1437 2944 1517 2999 At
1541 2960 1755 2997 memor
1781 2943 1875 2997 ille

423 3026 618 3083 Matris
641 3027 922 3084 Acidaliae
944 3030 1210 3099 paulatim
1237 3029 1458 3085 abolere
1483 3029 1791 3098 Sychaeum

423 3112 642 3185 Incipit,
672 3120 727 3169 et
750 3116 883 3171 vivo
906 3121 1143 3186 temptat
1166 3122 1517 3187 praevertere
1542 3133 1730 3171 amore

425 3201 542 3257 Iam
566 3201 783 3271 pridem
805 3203 1015 3257 resides
1039 3203 1252 3258 animos
1278 3203 1613 3274 desuetaque
1639 3202 1823 3258 corda.

493 3287 795 3359 Postquam
819 3289 999 3358 prima
1023 3290 1177 3359 quies
1202 3291 1393 3360 epuliS,
1417 3306 1748 3359 mensaeque
1773 3293 2037 3357 remotae,

425 3376 681 3431 Crateras
704 3392 931 3445 magnos
955 3382 1208 3431 statuunt
1231 3382 1289 3432 et
1313 3378 1445 3431 vina
1468 3382 1754 3431 coronant.

421 3461 515 3517 Fit
539 3462 800 3531 strepitus
825 3461 1002 3531 tectiS,
1030 3479 1332 3533 vocemque
1356 3480 1457 3533 per
1481 3464 1665 3533 ampla
1688 3463 1946 3525 volutant

423 3546 617 3616 Atria3
657 3547 973 3618 dependent
995 3548 1187 3617 lychni
1209 3549 1560 3619 laquearibus
1586 3549 1766 3603 aureis

2369 425 2467 477 690

2366 858 2463 910 695

2363 1290 2462 1350 '700

2361 1724 2461 1784 '705

2358 2160 2463 2219 ’κιο
2527 2141 2535 2150 ’

2360 2596 2464 2654 ’715

2358 3027 2467 3085 720

2358 3461 2466 3520 725
