2725 3917
856 293 1133 344 VERGILI
1177 293 1506 343 AENEIDOS
1550 294 1666 344 VII.

252 454 370 509 Hoc
393 455 600 509 Priami
625 460 908 523 gestamen
934 460 1067 520 erat,
1096 471 1221 508 cum
1246 456 1369 508 iura
1391 456 1602 509 vocatis

250 541 402 596 More
427 543 586 597 daret
609 543 844 610 populis,
874 548 1258 611 sceptrumque
1282 558 1543 610 sacerque
1570 543 1735 595 tiaras

252 628 590 698 Iliadumque
614 629 775 684 labor
804 630 1038 683 vesteS.”

317 716 537 770 Talibus
561 715 758 769 Ilionei
785 716 946 769 dictis
972 715 1155 769 defixa
1179 715 1409 769 Latinus

253 802 463 856 Obtutu
490 806 645 855 tenet
668 819 781 870 ora,
811 802 1035 870 soloque
1059 802 1362 855 immobilis
1385 802 1597 870 haeret,

222 890 497 942 ‚Intentos
521 888 750 942 volvens
769 889 973 942 oculos.
1049 888 1170 942 Nec
1195 904 1439 961 purpura
1462 905 1648 956 regem

251 976 406 1029 Picta
426 980 629 1043 movet,
657 992 758 1029 nec
784 980 1002 1044 sceptra
1025 980 1252 1029 movent
1279 975 1553 1029 Priameia
1576 980 1809 1045 tantum,

252 1061 530 1127 Quantum
555 1061 613 1114 in
640 1062 878 1115 conubio
903 1066 1069 1115 natae
1092 1061 1446 1130 thalamoque
1471 1067 1754 1130 moratur-3

252 1148 319 1201 Et
341 1148 546 1201 veteris
570 1147 745 1202 Fauni
771 1148 947 1201 volvit
972 1148 1074 1201 sub
1099 1152 1325 1216 pectore
1351 1154 1559 1203 sortem
1581 1167 1594 1203 ε

250 1235 411 1288 Hunc
433 1234 589 1288 illum
615 1235 743 1289 fatis
769 1240 1001 1289 externa
1025 1235 1094 1288 ab
1120 1234 1248 1289 sede
1272 1237 1582 1304 profectum

251 1321 514 1375 Portendi
540 1338 816 1390 generum,
851 1323 1182 1390 paribusque
1208 1323 1266 1374 in
1293 1338 1465 1390 regna
1488 1324 1674 1376 vocari

251 1407 560 1477 Auspiciis;
601 1408 730 1461 hinc
755 1409 1075 1477 progeniem
1101 1409 1310 1462 virtute
1333 1408 1579 1462 futuram

249 1494 556 1563 Egregium,
584 1498 641 1549 et
666 1500 846 1548 totum
873 1511 1013 1563 quae
1036 1494 1250 1549 viribus
1275 1503 1507 1563 occupet
1531 1497 1740 1549 orbem.

252 1580 492 1634 Tandem
517 1579 694 1633 laetus
719 1581 820 1634 ait:
867 1582 901 1610 “
919 1581 993 1633 Di
1019 1588 1210 1636 nostra
1233 1582 1455 1649 incepta
1478 1582 1784 1634 secundent

251 1667 670 1736 Auguriumque
695 1669 884 1721 suum!
962 1667 1214 1736 Dabitur,
1247 1668 1497 1735 Troiane,
1527 1668 1672 1735 quod
1700 1675 1876 1735 optas.

251 1754 482 1808 Munera
504 1770 607 1808 nec
641 1771 859 1822 sperno,
934 1754 1064 1807 Non
1091 1755 1258 1821 vobis,
1291 1771 1421 1822 rege
1446 1754 1662 1821 Latino,

251 1840 454 1893 Divitis
479 1840 616 1894 uber
641 1842 757 1909 agri
782 1840 1048 1895 Troiaeve
1075 1842 1358 1910 opulentia
1384 1841 1576 1894 deerit.

252 1926 375 1994 Ipse
399 1927 570 1981 modo
596 1927 829 1996 Aeneas,
855 1928 1031 1981 nostri
1055 1928 1101 1981 si
1128 1932 1286 1981 tanta
1310 1927 1511 1995 cupido
1537 1932 1634 1993 est,

252 2013 309 2066 Si
333 2015 488 2082 iungi
513 2014 757 2082 hospitio
781 2023 1045 2082 properat
1069 2015 1358 2082 sociusque
1386 2013 1589 2081 vocari,

252 2101 549 2167 Adveniat,
580 2100 765 2154 voltus
787 2118 927 2154 neve
954 2101 1309 2154 exhorrescat
1335 2101 1556 2153 amicos,

251 2188 389 2242 Pars
412 2188 549 2241 mibi
575 2189 726 2256 pacis
751 2188 856 2240 erit
880 2187 1133 2242 dextram
1156 2188 1401 2255 tetigisse
1425 2187 1666 2254 tyranni.

252 2274 371 2329 Vos
396 2281 591 2329 contra
616 2275 731 2343 regi
757 2291 880 2329 mea
902 2291 1051 2328 nuno
1075 2274 1337 2328 mandata
1358 2275 1579 2328 referte.

249 2362 351 2415 Est
374 2362 514 2415 mihi
538 2367 685 2427 nata,
714 2364 837 2415 viro
862 2362 1041 2430 gentis
1069 2378 1234 2430 quam
1258 2361 1488 2429 iungere
1513 2367 1736 2415 nostrae

252 2448 381 2502 Non
404 2449 589 2518 patrio
617 2465 684 2502 ex
711 2448 882 2514 adyto
908 2453 1100 2516 sorteS,
1129 2464 1240 2501 non
1268 2447 1508 2515 plurima
1532 2448 1685 2501 caelo

253 2533 503 2589 Monstra
528 2535 744 2601 sinunt3
787 2551 1017 2602 generos
1044 2535 1289 2588 externis
1316 2533 1509 2588 adfore
1534 2534 1603 2587 ab
1630 2536 1754 2602 oria,

252 2620 375 2675 Hoc
399 2621 561 2675 Latio
585 2626 795 2675 restare
820 2625 1042 2687 canunt,
1075 2621 1168 2689 qui
1196 2620 1461 2687 sanguine
1486 2625 1737 2673 nostrum

250 2707 471 2762 Nomen
489 2709 550 2761 in
574 2713 725 2762 astra
747 2707 943 2763 ferant.
1017 2707 1183 2761 Hunc
1208 2707 1360 2760 illum
1387 2723 1613 2775 poscere
1637 2707 1757 2761 fata

248 2794 323 2849 Et
348 2812 489 2862 reor,
520 2799 592 2863 et,
622 2795 668 2848 si
693 2794 825 2864 quid
848 2795 966 2848 veri
992 2812 1149 2848 mens
1177 2801 1430 2862 augurat,
1457 2794 1643 2862 opto.”

251 2882 405 2936 Haec
430 2881 630 2936 effatus
654 2898 825 2950 equos
848 2899 1081 2935 numero
1099 2886 1258 2950 pater
1285 2882 1440 2949 eligit
1465 2880 1689 2934 omni-

252 2968 488 3024 Stabant
509 2973 598 3022 ter
622 2973 847 3022 centum
871 2968 1036 3021 nitidi
1061 2969 1121 3038 in
1145 2967 1535 3036 praesaepibus
1559 2967 1687 3020 altis
1703 2986 1793 3033 3-

253 3055 528 3110 Omnibus
553 3054 835 3124 extemplo
862 3055 1085 3108 Teucris
1109 3055 1261 3107 iubet
1289 3054 1483 3107 ordine
1510 3053 1637 3107 duci

252 3141 524 3196 Instratos
550 3146 703 3195 ostro
732 3140 971 3209 alipedes
996 3140 1268 3208 pictisque
1292 3140 1574 3208 tapetis—-

251 3228 442 3283 Aurea
464 3228 788 3296 pectoribus
812 3226 1048 3280 demissa
1071 3226 1302 3280 monilia
1327 3226 1600 3294 pendent3

248 3313 406 3368 Tecti
432 3331 584 3382 auro,
607 3314 830 3367 fulvum
854 3313 1125 3366 mandunt
1149 3313 1251 3365 sub
1277 3311 1538 3365 dentibus
1563 3328 1850 3381 aurum,—

243 3401 492 3455 Absenti
518 3399 745 3454 Aeneae
770 3415 995 3452 currum
1019 3399 1378 3467 geminosque
1402 3398 1600 3466 iugalis

243 3487 474 3541 Semina
499 3487 569 3542 ab
596 3485 864 3553 aetheri0‚
897 3485 1153 3553 spirantis
1180 3485 1405 3537 naribus
1428 3485 1628 3551 ignem,

239 3572 478 3628 Illorum
506 3573 578 3628 de
601 3577 785 3642 gente,
815 3571 960 3641 patri
988 3586 1127 3639 quos
1152 3570 1383 3626 daedala
1407 3569 1577 3630 circe.

2179 805 2284 857 250

2180 1238 2284 1288 255

2179 2103 2284 2154 265

2181 2534 2286 2590 270

2184 2964 2288 3020 275

2187 3399 2291 3451 280
