2725 3917
740 230 1017 281 VERGILI
1062 230 1197 280 AEN
1203 230 1393 281 moos
1439 231 1530 282 Vl.

190 392 277 447 §lec
300 407 414 445 vero
434 390 529 444 hae
553 390 672 445 sine
695 397 843 445 sorte
868 392 1048 461 datae,
1079 392 1193 446 sine
1222 392 1423 460 iudice,
1456 392 1649 448 sedes:

190 478 428 545 Quaesitor
448 475 627 530 Minos
650 495 845 532 urnam
870 484 1086 546 movet;
1131 478 1224 533 ille
1252 479 1514 532 silentum

191 564 539 631 Jouoiliumque
564 569 728 619 vocat
753 566 1001 635 vitasque
1027 571 1084 620 et
1108 566 1342 622 crimina
1367 565 1545 621 discit.

190 653 399 706 'mxima
422 649 614 704 deinde
637 656 833 705 tenent
855 652 1051 706 maesti
1075 652 1214 719 loca,
1244 653 1339 720 qui
1363 652 1469 705 sibi
1492 652 1667 707 letum
1998 707 2003 710 .

190 745 391 795 nsontes
413 755 670 807 peperere
694 755 878 806 manu,
905 738 1191 807 lucemque
1218 741 1403 809 perosi
2054 743 2159 796 435

190 829 419 882 ’roiecere
442 827 666 881 animas.
742 825 918 890 Quam
946 825 1154 880 vellent
1179 826 1405 880 aethere
1431 827 1492 881 in
1516 827 1629 883 alto

188 914 302 969 Iunc
325 921 376 969 et
400 916 710 985 pauperiem
738 917 796 967 et
820 912 990 966 duros
1014 913 1264 982 perterre
1288 914 1536 969 labores!

188 1003 249 1055 'as
269 1003 457 1074 obstat,
488 1002 742 1071 tristique
765 1000 927 1069 palus
953 1000 1263 1055 inamabilis
1288 1001 1441 1055 unda

188 1089 361 1159 dligat,
387 1096 440 1144 et
461 1091 692 1144 noviens
717 1088 858 1155 Styx
885 1087 1157 1141 interfusa
1181 1093 1418 1141 coercet.

188 1176 259 1229 sec
279 1177 461 1246 procul
481 1176 611 1230 hinc
634 1180 849 1244 partem
873 1174 982 1226 fusi
1007 1180 1391 1228 monstrantur
1413 1175 1471 1228 in
1500 1191 1719 1229 omnem
2053 1178 2160 1228 440

190 1269 404 1331 ugentes
425 1263 624 1333 campi:
664 1263 743 1317 sic
766 1262 893 1316 illos
918 1261 1143 1315 nomine
1173 1260 1379 1315 dicunt.

188 1351 256 1419 ic,
285 1367 415 1419 quos
436 1350 603 1403 durus
626 1366 781 1403 amor
806 1349 1019 1403 crudeli
1044 1348 1173 1402 tabe
1199 1348 1434 1416 peredit,

186 1439 338 1491 ecreti
361 1437 538 1492 celant
562 1437 727 1491 calles
752 1442 809 1491 et
831 1445 1052 1504 myrtea
1077 1435 1285 1489 circum

187 1527 280 1579 riva
301 1526 465 1593 tefflt3
503 1541 668 1579 curae
692 1540 805 1577 non
828 1524 950 1592 ipsa
973 1524 1032 1576 in
1058 1526 1239 1575 morte
1266 1521 1606 1591 relinquunt.

186 1614 230 1664 is
255 1611 552 1665 Phaedram
578 1610 936 1679 Procrimque
959 1609 1111 1675 locis,
1142 1613 1521 1678 maestamque
1545 1608 1866 1679 Eriphylen,
2053 1610 2160 1663 445

186 1699 376 1752 rudelis
397 1699 513 1751 nati
534 1703 933 1752 monstrantem
960 1697 1206 1764 volnera,
1237 1697 1435 1764 cernit,

187 1785 531 1854 ihadnenque
556 1799 613 1839 et
635 1785 976 1854 Pasiphaen3
1017 1785 1104 1838 his
1128 1784 1431 1839 Laodamia

199 1890 397 1941 comes,
426 1879 483 1926 et
505 1872 720 1927 iuvenis
744 1872 1037 1941 quondam,
1068 1891 1217 1928 nunc
1244 1874 1468 1940 femina,
1505 1872 1766 1940 Caeneus,

185 1978 329 2014 irsus
353 1965 410 2015 et
433 1961 493 2013 in
518 1966 764 2014 veterem
785 1961 909 2015 fato
933 1961 1187 2016 revoluta
1213 1961 1463 2030 figuram.

185 2055 270 2102 ter
297 2065 435 2117 quas
458 2047 760 2102 Phoenissa
782 2064 973 2102 recens
997 2066 1032 2103 a
1055 2049 1278 2103 volnere
1305 2048 1451 2101 Dido
2054 2050 2162 2102 450

184 2137 352 2191 rabat
379 2135 518 2189 silva
542 2135 599 2188 in
623 2152 855 2203 magna:
897 2152 1061 2203 quam
1087 2134 1284 2189 Troius
1309 2135 1474 2190 heros

185 2263 186 2266 η
211 2224 460 2292 primum
485 2223 643 2276 iuxta
667 2223 822 2275 stetit
845 2222 1180 2291 agnovitque
1207 2238 1308 2291 per
1333 2223 1593 2277 umbram

184 2327 443 2378 moutam,
474 2309 692 2379 qualem
716 2309 896 2377 primo
921 2310 1016 2377 qui
1041 2325 1262 2377 surgere
1285 2327 1477 2365 mense

184 2403 222 2451 ut
249 2397 411 2451 videt
436 2400 534 2451 aut
564 2396 763 2451 vidisse
789 2401 950 2463 putat
973 2412 1072 2465 per
1098 2397 1289 2450 nubila
1310 2397 1538 2463 Lunam,

185 2485 349 2538 misit
374 2483 651 2552 lacrimas,
679 2483 934 2551 dulcique
962 2483 1187 2537 adfatus
1211 2501 1399 2539 amore
1427 2488 1547 2537 est:
2045 2483 2151 2535 455

185 2571 371 2625 nfelix
395 2570 566 2637 Dido,
588 2586 753 2623 verus
776 2570 913 2623 mihi
942 2572 1167 2625 nuntius
1191 2589 1323 2640 ergo

186 2662 360 2712 nerat
386 2658 742 2724 exstinctam,
770 2657 1034 2726 ferroque
1062 2664 1312 2712 extrema
1340 2659 1625 2712 secutam?

184 2746 338 2800 neris
363 2745 485 2797 heu
509 2743 609 2796 tibi
635 2759 802 2796 causa
825 2744 946 2797 fui?
1021 2744 1130 2799 Per
1155 2746 1335 2799 sidera
1358 2744 1499 2813 iur0,

184 2851 199 2885 .·
224 2847 478 2900 superos
501 2833 559 2882 et
583 2828 630 2882 si
655 2846 763 2912 qua
785 2829 924 2884 fides
949 2832 1146 2886 tellure
1171 2833 1271 2886 sub
1297 2833 1409 2886 ima
1433 2837 1532 2899 est,

184 2922 334 2988 itus,
366 2917 591 2986 regina,
616 2921 718 2972 tuo
745 2917 814 2971 de
839 2919 1002 2973 litore
1028 2919 1181 2974 cessi.
2053 2921 2160 2972 460

185 3011 190 3061 ἱ
221 3025 320 3061 me
347 3008 514 3060 iussa
537 3005 721 3077 deum,
752 3025 889 3077 quae
917 3025 1064 3062 nunc
1089 3008 1191 3061 has
1214 3007 1295 3060 ire
1320 3024 1421 3076 per
1445 3007 1684 3074 umbras,

185 3117 186 3120 ¹
213 3096 354 3149 loca
382 3098 556 3149 senta
580 3095 694 3149 situ
722 3100 930 3164 cogunt
954 3100 1286 3162 noctemque
1308 3092 1662 3162 profundam,

185 3184 352 3237 ›eriis
380 3199 558 3253 egere
585 3183 734 3250 suis;
775 3200 877 3239 nec
904 3182 1128 3237 credere
1160 3180 1314 3248 quivi
1612 3218 1623 3250 ι

185 3288 244 3324 ic
275 3276 527 3326 tantum
554 3272 657 3327 tibi
683 3288 776 3325 me
797 3270 1039 3324 discessu
1063 3269 1207 3320 ferre
1233 3266 1499 3320 dolorem.

190 3375 222 3410 θ
251 3360 540 3428 gradum,
569 3364 736 3428 teque
761 3360 985 3425 aspectu
1009 3370 1080 3408 ne
1105 3353 1371 3408 subtrahe
1397 3358 1604 3407 nostro.
2052 3352 2155 3403 465

184 3464 258 3499 em
289 3446 510 3516 sugis?
552 3450 861 3499 extremum
885 3442 1017 3510 fato,
1047 3440 1197 3509 quod
1220 3445 1279 3494 te
1303 3440 1588 3507 adloquor,
1617 3437 1721 3492 hoc
1754 3435 1890 3492 est.”

191 3535 314 3588 bns
339 3532 591 3587 Aeneas
614 3530 897 3584 ardentem
922 3536 979 3581 et
1002 3533 1166 3582 torva
1189 3531 1441 3581 tuentem
