2725 3917
984 228 1260 279 VERGILI
1303 229 1442 278 AEN
1441 228 1633 279 EIDOS
1677 229 1766 279 VI.

358 390 449 444 Sic
473 389 727 459 equidem
752 389 1017 443 ducebam
1044 390 1229 444 animo
1254 389 1526 459 rebarque
1549 390 1819 459 futurum,

355 476 629 545 Tempora
653 476 1023 545 dinumeranS,
1050 493 1156 530 nec
1179 493 1270 531 me
1295 494 1420 531 mea
1443 493 1575 531 cura
1596 477 1814 531 fefellit.

359 564 508 629 Quas
532 580 636 632 ego
660 568 718 618 te
742 567 917 617 terras
942 568 997 617 et
1022 569 1229 631 quanta
1251 580 1351 632 per
1376 579 1616 632 aequora
1639 569 1864 618 vectum

357 649 621 718 Accipio!
665 650 884 718 quantis
906 649 1189 720 iactatum,
1219 656 1365 718 nate,
1395 650 1644 719 periclis!

359 736 538 801 Quam
564 736 751 804 metui,
780 752 852 788 ne
877 735 1010 804 quid
1034 735 1241 803 Libyae
1266 736 1372 789 tibi
1396 753 1567 804 regna
1589 738 1881 791 nocerent!
1907 737 1939 765 ”

351 822 457 879 Ille
483 826 701 876 autem:
747 823 914 875 “Tua
935 838 1040 889 me,
1069 823 1302 891 genitor,
1331 827 1430 877 tua
1452 824 1625 877 tristis
1645 824 1841 892 image,

357 910 585 978 Saepius
610 926 917 974 occurrenS,
945 900 1297 964 haec'limina
1318 910 1549 963 tendere
1573 910 1786 978 adegit:

357 997 519 1052 Stant
543 996 654 1051 sale
679 995 967 1064 Tyrrheno
994 996 1209 1051 classes.
1282 996 1373 1050 Da
1396 998 1622 1065 iungere
1646 998 1916 1066 dextram,

355 1083 457 1154 Da,
486 1084 716 1153 genitor,
745 1086 911 1151 teque
938 1082 1193 1151 amplexu
1217 1100 1288 1136 ne
1313 1083 1577 1137 subtrahe
1601 1084 1846 1139 nostr0.’'

357 1171 449 1226 Sic
473 1187 785 1225 memorans
810 1170 965 1237 largo
995 1169 1128 1222 fletu
1154 1168 1318 1222 simul
1341 1186 1441 1224 ora
1464 1170 1694 1238 rigabat.

356 1259 462 1313 Ter
488 1263 714 1312 conatus
737 1257 817 1310 ibi
844 1257 987 1311 collo
1014 1256 1147 1310 dare
1171 1256 1432 1311 bracchia
1454 1257 1676 1326 circum,

358 1347 463 1401 Ter
487 1347 697 1400 frustra
722 1361 1047 1415 comprensa
1070 1360 1266 1399 manus
1290 1343 1485 1412 effugit
1508 1345 1708 1413 image,

356 1433 466 1487 Par
488 1432 704 1486 levibus
729 1432 908 1485 ventis
936 1430 1563 1499 volucrique‘simillima
1585 1448 1798 1487 somne.

428 1518 649 1574 Interea
673 1519 826 1573 videt
854 1519 1074 1572 Aeneas
1101 1518 1161 1571 in
1185 1517 1329 1572 valle
1352 1517 1583 1572 reducta

356 1608 638 1663 Seclusum
661 1624 855 1661 nemus
881 1611 937 1660 et
960 1606 1201 1675 virgulta
1224 1606 1479 1660 sonantia
1500 1606 1686 1675 silvae,

356 1696 781 1765 Lethaeamque,
810 1697 1005 1751 domos
1028 1695 1273 1765 placidas
1296 1697 1388 1765 qui
1412 1700 1718 1765 praenatat,
1747 1712 1985 1750 amnem.

354 1789 519 1842 Hunc
544 1790 751 1843 circum
775 1789 1097 1841 innumerae
1120 1792 1313 1856 gentes
1337 1785 1636 1855 populique
1660 1783 1953 1851 volabant3

355 1877 442 1931 Ac
468 1878 620 1931 velut
642 1877 700 1929 in
726 1876 901 1946 pratis
925 1876 1021 1929 ubi
1045 1891 1176 1945 apes
1201 1879 1412 1929 aestate
1437 1889 1631 1928 serena

356 1963 609 2018 Floribus
634 1964 883 2020 insidunt
905 1966 1088 2035 variis,
1118 1971 1176 2020 et
1202 1964 1439 2019 candida
1462 1964 1669 2018 circum

354 2053 497 2108 Lilia
520 2056 845 2126 funduntur,
876 2057 1073 2125 strepit
1097 2055 1276 2110 omnis
1299 2070 1582 2107 murmure
1608 2068 1846 2121 campuS.

357 2139 640 2195 Horrescit
665 2143 786 2196 visu
813 2143 1008 2210 subito,
1040 2157 1339 2210 causasque
1365 2139 1597 2208 requirit

357 2224 570 2280 Inscius
597 2227 837 2292 Aeneas;
872 2244 1011 2296 quae
1031 2229 1142 2282 sint
1160 2244 1226 2282 ea
1248 2227 1474 2280 flumina
1497 2242 1682 2294 porr0,

357 2311 535 2376 Quive
561 2312 667 2365 viri
691 2319 846 2367 tanto
871 2313 1200 2382 complerint
1224 2313 1442 2382 agmine
1468 2312 1631 2381 ripae.

356 2398 494 2452 Tum
519 2404 677 2468 pater
702 2399 1000 2454 Anchises:
1046 2401 1080 2429 “
1097 2400 1349 2467 Animae,
1381 2399 1577 2469 quibus
1602 2399 1777 2453 altera
1797 2399 1914 2453 fato

317 2507 338 2552 j
355 2486 608 2556 Corpora
634 2487 920 2555 debentur,
952 2487 1176 2542 Lethaei
1204 2488 1276 2545 ad
1300 2487 1541 2541 fluminis
1564 2487 1767 2541 undam

221 2545 276 2652 *j
356 2573 591 2628 Securos
614 2574 805 2629 latices
829 2579 886 2628 et
909 2574 1076 2644 longa
1100 2576 1305 2629 oblivia
1326 2581 1541 2644 potant.

358 2660 473 2714 Has
498 2661 752 2729 equidem
780 2677 1086 2715 memorare
1111 2663 1216 2715 tibi
1241 2667 1404 2730 atque
1430 2661 1720 2715 ostendere
1745 2677 1949 2729 coram,

355 2747 689 2815 Iampridem
713 2747 857 2800 hanc
881 2747 1094 2815 prolem
1119 2748 1279 2816 cupio
1303 2764 1628 2802 enumerare
1651 2765 1919 2816 meorum,
2027 2733 2040 2810 Ι

357 2833 480 2898 Quo
506 2834 679 2901 magis
704 2833 867 2887 Italia
888 2850 1102 2887 mecum
1126 2833 1334 2888 laetere
1358 2836 1632 2902 reperta.”

360 2922 394 2949 ‘⁶
411 2919 460 2973 Ο
488 2924 659 2989 pater,
690 2936 831 2974 anne
856 2919 1065 2988 aliquas
1090 2920 1161 2974 ad
1185 2921 1395 2974 caelum
1420 2921 1552 2976 hinc
1575 2922 1656 2977 ire
1679 2920 1983 2991 putandum
2009 2926 2095 2975 est

356 3006 612 3060 Sublimis
635 3007 861 3072 animae,
889 3007 1199 3075 iterumque
1223 3007 1293 3061 ad
1316 3008 1479 3061 tarda
1500 3009 1706 3063 reverti

356 3093 638 3163 Corpora?
678 3110 817 3163 quae
842 3093 981 3147 lucis
1006 3094 1219 3147 miseris
1246 3099 1357 3148 tam
1387 3094 1510 3148 dira
1532 3095 1771 3163 cupido?
1795 3095 1828 3123 ’²

358 3181 604 3236 “Dicam
629 3180 899 3250 equidem,
929 3196 1031 3235 nec
1054 3185 1113 3235 te
1132 3198 1471 3249 suspensum,
1498 3186 1644 3248 nate,
1673 3182 1877 3235 tenebo
1895 3182 1926 3210 '’

355 3269 596 3338 Suscipit
620 3268 908 3337 Anchises,
938 3272 1102 3337 atque
1127 3267 1319 3321 ordine
1333 3268 1562 3336 singula
1585 3268 1793 3336 pandit.

423 3356 705 3426 Principio
730 3356 944 3411 caelum
968 3371 1032 3410 ac
1054 3358 1233 3408 terras
1256 3370 1587 3424 camposque
1610 3355 1871 3424 liquentis

353 3441 767 3512 Lucentemque
792 3443 1015 3512 globum
1041 3441 1230 3495 Lunae
1256 3440 1577 3510 Titaniaque
1602 3446 1752 3496 astra

356 3529 593 3597 Spiritus
616 3531 768 3584 intus
792 3530 905 3599 alit,
933 3533 1219 3597 totamque
1243 3527 1427 3582 infusa
1453 3544 1551 3596 per
1575 3533 1730 3582 artus

2284 393 2387 444 690

2285 827 2388 878 695

2286 1261 2388 1315 700

2286 1696 2319 1751 ’Τ
2320 1697 2388 1749 05

2285 2138 2389 2195 '710

2284 2574 2385 2632 715

2281 3008 2386 3066 '720

2281 3443 2385 3499 725
