2725 3917
928 214 1206 264 VERGILI
1251 215 1583 264 AENEIDOS
1626 215 1767 265 VIII.

323 373 521 429 Iunoni
545 374 634 428 fer
657 374 765 428 rite
789 390 994 444 preces,
1023 375 1270 442 iramque
1292 375 1582 443 minasque

324 461 673 530 Supplicibus
696 478 895 530 supera
919 462 1082 515 votis.
1154 461 1294 514 Mihi
1319 461 1499 514 victor
1524 462 1797 516 honorem

322 546 626 601 PersolveS.
700 547 821 615 Ego
846 565 983 616 sum,
1011 547 1177 615 pleno
1203 564 1367 616 quem
1393 547 1619 601 flumine
1642 549 1823 602 cernis

322 633 695 702 Stringentem
719 634 868 701 ripas
892 639 949 688 et
971 634 1200 703 pinguia
1223 634 1376 688 culta
1397 640 1693 704 secantem,

324 720 620 773 Caeruleus
637 720 888 789 Thybris,
918 720 1071 774 caelo
1096 720 1441 788 gratissimus
1464 723 1659 774 amnis.

321 807 428 861 Hic
449 807 585 859 mihi
611 824 813 875 magna
837 807 1047 874 domus,
1074 807 1234 861 celsis
1257 813 1424 875 caput
1448 808 1695 876 urbibus,
1725 809 1895 863 exit.'’

389 894 564 962 Dixit,
592 894 792 948 deinde
814 895 937 948 lacu
960 893 1186 947 Fluvius
1209 910 1268 947 se
1294 894 1543 948 condidit
1567 895 1696 964 alto,

319 979 441 1035 Ima
462 985 691 1048 petens,
730 997 843 1034 nox
865 982 1100 1034 Aenean
1124 996 1457 1048 somnusque
1482 981 1720 1050 reliquit.

319 1068 522 1136 Surgit,
551 1073 623 1136 et,
651 1068 884 1121 aetherii
908 1071 1161 1135 spectans
1184 1067 1421 1121 orientia
1442 1068 1587 1121 Solis

321 1154 567 1223 Lumina,
595 1155 701 1208 rite
725 1154 877 1208 cavis
904 1153 1108 1206 undam
1133 1153 1202 1206 de
1227 1152 1455 1207 flumine
1486 1155 1685 1223 palmis

323 1241 582 1309 Sustinet,
612 1257 675 1295 ac
699 1240 826 1294 talis
852 1239 1086 1293 effundit
1110 1239 1182 1292 ad
1206 1240 1433 1294 aethera
1456 1258 1647 1295 voces:

326 1330 357 1356 ‘⁶
372 1327 679 1396 Nymphae,
706 1326 1009 1379 Laurentes
1035 1324 1347 1395 Nymphae,
1377 1344 1548 1394 genus
1572 1328 1825 1381 amnibus
1848 1328 1993 1383 unde
2019 1333 2117 1398 est,

321 1414 523 1483 Tuque,
553 1430 586 1467 o
611 1413 820 1477 Thybrl
846 1417 945 1464 tuo
969 1412 1188 1478 genitor
1212 1429 1339 1465 cum
1362 1412 1591 1466 flumine
1613 1419 1823 1483 sanctn,

321 1500 573 1569 Accipite
596 1498 844 1566 Aenean,
873 1503 930 1551 et
953 1497 1177 1552 tandem
1203 1504 1386 1553 arcete
1410 1500 1646 1569 periclis.

322 1587 445 1651 Quo
469 1592 525 1640 te
548 1604 782 1656 cumque
807 1588 973 1657 lacus,
1001 1590 1357 1643 miserantem
1380 1587 1731 1641 incommoda
1752 1592 1956 1657 nostra,

319 1673 494 1727 Fonte
518 1678 690 1742 tenet,
721 1691 1065 1744 quocumque
1091 1675 1210 1729 solo
1235 1675 1640 1743 pulcherrimus
1663 1674 1796 1744 exis,

319 1760 547 1828 Semper
569 1760 784 1814 honore
807 1777 948 1829 mec,
982 1778 1197 1829 semper
1220 1761 1571 1816 celebrabere
1595 1760 1779 1828 donis,

320 1847 587 1915 Corniger
611 1847 976 1916 Hesperidum
1000 1848 1200 1901 fluvius
1222 1853 1484 1916 regnator
1509 1863 1787 1915 aquarum.

317 1934 487 1987 Adsis
511 1951 546 1987 o
569 1940 789 1989 tautum
814 1942 871 1990 et
895 1936 1123 2006 propius
1145 1941 1242 1989 tua
1263 1935 1493 1987 numina
1516 1934 1752 1987 firmeS.”

320 2021 408 2075 Sic
431 2030 720 2094 memorat,
750 2025 1101 2094 geminasque
1124 2022 1260 2090 legit
1282 2022 1351 2075 de
1378 2022 1549 2076 classe
1572 2020 1814 2089 biremiS,

319 2107 677 2180 Remigioque
701 2116 885 2181 aptat3
931 2111 1111 2165 socios
1135 2109 1296 2162 simul
1318 2108 1544 2161 instruit
1567 2108 1748 2162 armis,

386 2194 531 2249 Ecce
556 2203 741 2251 autem
767 2199 1008 2252 subitum
1040 2202 1206 2265 atque
1231 2195 1407 2249 oculis
1429 2194 1679 2248 mirabile
1700 2199 2024 2264 monstrum,

319 2280 569 2337 Candida
591 2301 693 2352 per
717 2284 912 2339 silvam
940 2301 1065 2339 cum
1091 2284 1214 2336 fetu
1230 2281 1497 2335 concolor
1521 2280 1646 2335 albo
1743 2349 1747 2354 Ι

316 2366 621 2424 Procubuit
644 2371 918 2440 viridique
941 2372 1002 2425 in
1025 2371 1189 2424 litore
1212 2368 1554 2437 conspicitur
1577 2384 1701 2422 sus:

317 2454 493 2518 Quam
517 2458 643 2525 pius
666 2456 888 2513 Aeneas
911 2457 1014 2511 tibi
1038 2458 1203 2525 enim,
1231 2456 1350 2519 tibi,
1378 2455 1619 2509 maxima
1640 2454 1796 2522 Iunc,

314 2539 539 2610 Mactat,
569 2560 727 2598 sacra
747 2545 944 2613 ferens,
974 2548 1032 2597 et
1055 2561 1177 2598 cum
1206 2559 1373 2611 grege
1397 2542 1542 2595 sistit
1567 2541 1636 2594 ad
1660 2558 1831 2595 aram.

315 2627 550 2696 Thybris
576 2646 641 2684 ea
663 2630 910 2699 fluvium,
937 2647 1102 2700 quam
1126 2630 1292 2698 longa
1317 2632 1418 2696 est,
1447 2633 1611 2681 nocte
1637 2632 1941 2681 tumentem

314 2713 510 2784 Leniit,
540 2720 599 2769 et
621 2717 793 2770 tacita
817 2716 1056 2772 refluens
1081 2717 1161 2771 ita
1184 2715 1432 2770 substitit
1455 2714 1620 2782 unda,

313 2799 463 2855 Mitis
488 2806 552 2856 ut
574 2803 635 2855 in
656 2819 869 2857 morem
895 2804 1076 2872 stagni
1099 2802 1457 2872 placidaeque
1480 2801 1693 2870 paludis

316 2886 602 2942 Sterneret
625 2905 830 2958 aequor
854 2889 1024 2958 aquis,
1053 2906 1206 2942 remo
1232 2893 1296 2941 ut
1318 2888 1600 2942 luctamen
1625 2888 1858 2942 abesset.

313 2972 458 3042 Ergo
483 2975 590 3029 iter
611 2975 897 3045 inceptum
921 2976 1166 3030 celerant
1188 2991 1411 3029 rumore
1436 2973 1675 3027 secundo
1695 2993 1709 3041 ς

313 3059 543 3116 Labitur
565 3068 736 3117 uncta
760 3063 915 3117 vadis
941 3063 1105 3131 abies,
1133 3062 1404 3116 mirantur
1429 3066 1487 3114 et
1518 3061 1716 3131 undae,

313 3145 546 3203 Miratur
569 3166 766 3203 nemus
789 3149 1066 3203 insuetum
1089 3149 1361 3217 fulgentia
1384 3148 1549 3215 longe

311 3233 480 3289 Scuta
502 3237 684 3289 virum
709 3235 881 3289 fluvio
905 3236 1190 3305 pictasque
1212 3236 1408 3289 innare
1432 3234 1662 3289 carinas.

314 3319 422 3374 Olli
446 3323 675 3390 remigio
699 3326 1031 3391 noctemque
1054 3319 1310 3391 diemque
1333 3321 1586 3389 fatigant,

311 3405 384 3460 Et
404 3408 602 3477 longos
627 3413 890 3477 superant
913 3408 1104 3478 flexus,
1130 3409 1403 3476 variisque
1428 3411 1689 3475 teguntur

315 3492 638 3563 Arboribus,
665 3494 968 3563 viridisque
992 3500 1181 3549 secant
1204 3493 1422 3563 placido
1447 3508 1683 3560 aequore
1709 3490 1888 3544 silvas.

2290 382 2358 431 60

2286 815 2352 864 65

2283 1244 2352 1299 ’70

2282 1677 2348 1732 75

2281 2114 2347 2162 80

2278 2544 2345 2593 85

2276 2977 2344 3028 90

2275 3407 2340 3458 95
