2725 3917
1004 272 1283 324 VERGILI
1327 272 1657 323 AENEIDOS
1698 273 1792 324 111.

387 432 798 503 Quadrupedea
828 437 885 487 et
906 433 1066 488 frena
1087 435 1217 502 iugo
1242 434 1538 489 concordia
1560 436 1735 488 ferre:

278 529 283 535 ’
387 520 521 589 Spes
545 524 602 574 et
626 520 791 589 paciS‚
820 520 952 575 ait.”
1016 520 1165 573 ‘Tum
1189 521 1420 575 numina
1443 524 1632 574 sancta
1654 535 1946 589 precamur

385 605 626 661 Palladis
650 608 976 676 armisonae,
1007 624 1146 676 quae
1169 608 1349 676 prima
1374 608 1586 676 accepit
1611 607 1845 676 ovantia,

386 693 459 747 Et
482 693 663 763 capita
686 699 814 748 ante
840 710 964 748 aras
987 694 1235 763 Phrygio
1259 694 1509 748 velamur
1533 694 1770 762 amictu3

385 780 809 849 Praeceptisque
833 780 1052 851 Heleni,
1081 781 1312 835 dederat
1337 796 1476 850 quae
1499 781 1758 850 maxima,
1788 781 1896 836 rite

386 868 590 922 Iunoni
610 866 854 936 Argivae
875 868 1053 922 iussos
1078 868 1360 922 adolemus
1385 867 1642 922 honores.

389 954 551 1009 Haud
574 970 745 1022 mora,
774 955 1040 1009 continuo
1062 954 1326 1024 perfectis
1351 955 1547 1010 ordine
1572 956 1734 1026 votis,

388 1044 611 1098 Cornua
633 1042 938 1097 velatarum
966 1042 1305 1097 obvertimus
1331 1048 1716 1114 antennarum,

388 1131 870 1199 Graiugenumque
895 1130 1092 1183 domos
1115 1135 1477 1200 suspectaque
1501 1133 1799 1201 linquimus
1824 1148 1974 1187 arva.

387 1218 533 1272 Hinc
557 1217 709 1271 sinus
733 1217 1007 1286 Herculei,
1038 1218 1084 1270 si
1108 1234 1241 1272 vera
1265 1224 1351 1272 est
1377 1219 1544 1287 fama,
1577 1219 1803 1273 Tarenti

389 1304 678 1373 Cernitur3
719 1303 927 1358 attollit
950 1320 1009 1357 se
1033 1304 1163 1359 diva
1186 1304 1411 1360 Lacinia
1436 1311 1645 1376 contra,

390 1390 760 1459 Caulonisque
785 1406 937 1445 arces
962 1395 1019 1445 et
1042 1392 1396 1461 navifragum
1422 1393 1762 1461 Scylaceum.

387 1479 528 1532 Tum
552 1478 745 1548 procul
770 1494 801 1531 e
825 1478 997 1533 fluctu
1021 1479 1304 1534 Trinacria
1327 1482 1574 1535 cernitur
1598 1481 1799 1550 Aetna,

387 1565 462 1619 Et
484 1565 748 1633 gemitum
771 1565 1054 1634 ingentem
1077 1567 1258 1636 pelagi
1282 1567 1607 1636 pulsataque
1632 1584 1764 1622 saxa

389 1651 663 1705 Audimus
685 1651 850 1720 longe
874 1653 1192 1722 fractasque
1220 1654 1290 1709 ad
1313 1654 1480 1709 litora
1504 1671 1683 1724 voces,

386 1739 789 1809 Exsultantque
813 1739 970 1810 vada,
999 1745 1165 1810 atque
1191 1745 1346 1796 aestu
1370 1742 1673 1796 miscentur
1696 1742 1949 1798 harenae·

387 1827 461 1882 Et
484 1833 642 1897 pater
666 1827 970 1883 Anchises:
1015 1829 1050 1858 ‘⁴
1069 1828 1345 1883 Nimirum
1373 1830 1510 1884 haec
1533 1829 1632 1882 illa
1656 1829 1996 1897 Charybdis3

389 1916 507 1969 Hos
533 1916 777 1970 Helenus
802 1914 1068 1985 scopulos,
1097 1916 1234 1971 haec
1261 1933 1395 1971 saxa
1418 1916 1696 1971 horrenda
1721 1916 1971 1970 canebat.

387 2004 619 2073 Eripite,
646 2020 680 2058 o
704 2004 854 2072 socii,
884 2005 1199 2073 pariterque
1223 2004 1495 2072 insurgite
1519 2003 1741 2058 remis.”

388 2090 553 2144 Haud
576 2091 758 2144 minus
782 2107 847 2144 ac
870 2091 1001 2144 iussi
1024 2091 1251 2159 faciunt,
1283 2091 1604 2160 primusque
1627 2089 1919 2144 rudentem

388 2177 676 2231 Oontorsit
699 2177 885 2231 laevas
908 2193 1129 2246 proram
1154 2177 1449 2231 Palinurus
1474 2175 1544 2231 ad
1568 2177 1773 2247 undas3

387 2264 625 2320 Laevam
653 2269 854 2319 cuncta
878 2265 1077 2319 cohors
1102 2264 1269 2318 remis
1292 2264 1585 2333 ventisque
1609 2264 1824 2332 petivit.

389 2351 656 2406 Tollimur
677 2352 737 2405 in
762 2351 972 2406 caelum
997 2354 1228 2406 curvato
1252 2350 1487 2420 gurgite,
1514 2354 1572 2404 et
1594 2350 1743 2404 idem

389 2440 677 2494 Subducta
700 2439 771 2494 ad
793 2438 973 2493 Manis
996 2438 1138 2493 imos
1162 2437 1476 2493 desedimus
1499 2437 1665 2492 unda.

389 2523 495 2579 Ter
520 2524 730 2595 scopuli
754 2525 1049 2579 clamorem
1074 2524 1219 2578 inter
1243 2538 1382 2578 cava
1399 2539 1533 2578 saxa
1555 2522 1784 2591 dedere;

389 2612 497 2666 Ter
523 2629 772 2682 spumam
798 2612 985 2667 elisam
1013 2617 1069 2667 et
1093 2612 1337 2667 rorantia
1360 2611 1604 2665 vidimus
1627 2614 1792 2665 astra.

388 2699 611 2755 Interea
633 2701 808 2755 fessos
830 2705 1031 2755 ventus
1053 2717 1181 2755 cum
1204 2700 1318 2754 sole
1345 2699 1588 2766 reliquit,

386 2786 682 2857 Ignarique
706 2788 829 2842 viae
854 2787 1160 2858 Cyclopum
1185 2785 1495 2841 adlabimur
1520 2785 1670 2838 oris.-

457 2875 664 2929 Portus
688 2874 757 2929 ab
783 2891 1005 2929 accessu
1028 2879 1322 2928 ventorum
1345 2873 1611 2927 immotus
1635 2875 1693 2925 et
1715 2871 1910 2940 ingens

389 2959 544 3030 Ipse;
586 2961 684 3016 sed
706 2961 981 3016 horrificis
1005 2961 1160 3017 iuxta
1180 2966 1339 3017 tonat
1365 2961 1554 3016 Aetna
1575 2959 1766 3028 ruinis,

389 3047 783 3118 Interdumque
809 3053 984 3103 atram
1010 3049 1320 3119 prorumpit
1345 3048 1415 3103 ad
1444 3047 1671 3103 aethera
1693 3046 1916 3114 nubem,

389 3135 629 3191 Turbine
653 3136 962 3190 fumantem
987 3135 1143 3204 piceo
1168 3141 1224 3190 et
1247 3135 1517 3191 candente
1546 3132 1750 3201 favilla,

389 3223 725 3293 Attollitque
748 3222 943 3292 globos
965 3221 1311 3277 flammarum
1337 3229 1396 3276 et
1420 3221 1602 3276 sidera
1624 3220 1856 3288 lambit3

390 3309 677 3365 Interdum
701 3309 955 3379 scopulos
979 3309 1272 3377 avulsaque
1296 3308 1509 3362 viscera
1530 3307 1737 3361 montis

388 3397 569 3466 Erigit
594 3401 862 3465 eructans,
884 3395 1284 3465 liquefactaque
1309 3411 1443 3448 saxa
1468 3395 1569 3448 sub
1595 3409 1758 3447 auras

390 3482 532 3537 Oum
555 3484 763 3553 gemitu
788 3483 1074 3552 glomerat,
1101 3480 1387 3551 fundoque
1411 3484 1694 3535 exaestuat
1714 3479 1846 3534 imo.

389 3566 563 3623 Fama
585 3574 670 3625 est
692 3568 960 3625 Enceladi
984 3572 1284 3625 semustum
1309 3567 1540 3623 fulmine
1566 3582 1767 3636 corpus

2318 699 2420 751 545

2317 1134 2422 1187 550

2320 1570 2422 1622 555

2319 2005 2424 2056 560

2319 2383 2423 2530 565

2319 2869 2424 2926 570

2319 3299 2426 3360 575
