2725 3917
1031 248 1307 299 VERGILI
1351 247 1487 296 AEN
1488 245 1681 296 EIDOS
1724 246 1814 296 IV.

407 409 733 477 Coniugium
760 412 959 477 vocat;
998 408 1107 462 hoc
1131 408 1407 476 praetexit
1426 407 1648 461 nomine
1674 406 1909 475 culpam.

475 495 772 565 Extemplo
796 496 1006 563 Libyae
1029 513 1258 565 magnas
1281 496 1329 549 it
1352 495 1524 548 Fama
1547 510 1646 563 per
1672 495 1850 570 urbes,

406 582 590 651 Fama,
617 583 822 636 malum
849 600 956 652 qua
979 600 1094 637 non
1119 583 1269 637 aliud
1296 581 1540 635 velocius
1565 581 1737 634 ullum

407 669 714 724 Mobilitate
736 670 902 738 viget,
933 670 1173 739 virisque
1198 669 1438 738 adquirit
1463 667 1672 731 eundo:

408 756 590 810 Parva
613 761 762 810 metu
789 756 1004 824 prim03
1046 773 1176 810 mox
1202 772 1322 809 sese
1347 755 1554 809 attollit
1579 755 1638 806 in
1664 770 1840 821 auras,

407 843 831 912 Ingreditur-qne
857 843 990 911 solo,
1020 848 1077 896 et
1101 851 1270 911 caput
1295 843 1442 895 inter
1468 840 1657 894 nubila
1680 840 1886 894 condit.

408 930 563 984 Illam
590 931 756 984 Terra
779 946 991 999 parens,
1023 930 1105 983 ira
1128 929 1358 983 inritata
1382 928 1627 996 deorum,

407 1016 742 1085 Extremam,
772 1020 835 1070 ut
858 1016 1173 1085 perhibent,
1204 1014 1355 1068 Coeo
1382 1013 1771 1081 Enceladoque
1798 1029 2044 1068 sororem

407 1105 727 1172 Progenuit,
756 1103 989 1172 pedibus
1013 1102 1248 1157 celerem
1277 1106 1333 1154 et
1358 1100 1674 1168 pernicibus
1700 1099 1813 1168 alis,

411 1190 720 1244 Monstrum
744 1189 1096 1257 horrendum,
1125 1189 1335 1256 ingens,
1367 1187 1471 1254 cui,
1501 1191 1635 1255 quot
1661 1190 1789 1241 sunt
1814 1203 2047 1256 corpore
2074 1186 2309 1256 plumae,

410 1275 517 1330 Tot
540 1276 732 1344 vigiles
757 1276 899 1329 oculi
924 1276 1132 1342 subter,
1160 1273 1413 1328 mirabile
1440 1272 1608 1342 dictu,

411 1362 517 1417 Tot
537 1363 772 1431 linguae,
799 1362 1035 1416 totidem
1061 1377 1160 1415 ora
1183 1363 1400 1428 sonant,
1431 1363 1517 1413 tot
1543 1359 1778 1428 subrigit
1803 1360 1965 1415 auris.

411 1449 591 1504 Nocte
617 1449 767 1503 volat
791 1449 926 1502 caeli
949 1449 1133 1502 medio
1156 1452 1448 1515 terraeque
1473 1462 1574 1514 per
1598 1446 1870 1514 umbram,

413 1536 676 1603 Stridens,
703 1552 805 1589 nec
828 1535 975 1589 dulci
999 1535 1239 1589 declinat
1261 1534 1475 1587 lumina
1498 1548 1723 1601 somn03

280 1615 307 1622 fl
411 1624 558 1677 Luce
583 1623 736 1677 sedet
760 1627 944 1676 custos
969 1626 1065 1676 aut
1089 1621 1288 1675 summi
1314 1620 1555 1674 culmine
1579 1619 1731 1687 tecti,

412 1711 677 1764 Turribus
702 1715 797 1763 aut
822 1710 960 1778 altis,
990 1714 1045 1763 et
1067 1724 1297 1776 magnas
1319 1707 1542 1760 territat
1566 1705 1747 1774 urbes,

413 1798 547 1852 Tam
571 1797 684 1851 ficti
709 1796 973 1865 pravique
998 1800 1181 1862 tenax,
1211 1810 1376 1862 quam
1401 1792 1597 1846 nuntia
1621 1791 1754 1846 veri.

413 1885 566 1939 Haec
589 1890 710 1938 tum
732 1882 1022 1952 multiplici
1048 1881 1281 1952 populos
1306 1895 1558 1936 sermone
1583 1881 1831 1951 replebat

415 1972 674 2025 Gaudens
699 1975 757 2024 et
775 1971 986 2039 pariter
1010 1969 1164 2023 facta
1189 1973 1353 2036 atque
1378 1969 1589 2022 infecta
1615 1967 1876 2022 canebat:

414 2057 651 2112 Venisse
674 2057 919 2123 Aenean,
943 2055 1182 2108 Troiano
1208 2055 1475 2121 sanguine
1508 2059 1737 2122 cretum,

414 2144 518 2197 Oui
542 2161 599 2197 se
623 2142 854 2211 pulchra
877 2141 1000 2195 viro
1025 2140 1284 2208 dignetur
1310 2142 1539 2209 iungere
1563 2141 1745 2210 Did03

412 2228 577 2282 Nunc
600 2228 840 2281 hiemem
864 2228 1012 2280 inter
1036 2242 1094 2279 se
1117 2225 1268 2293 luxu,
1298 2242 1468 2294 quam
1490 2226 1673 2297 longa,
1701 2229 1896 2282 fovere

411 2314 729 2382 Regnorum
755 2314 1106 2366 immemores
1131 2312 1392 2380 turpique
1416 2314 1672 2382 cupidine
1698 2318 1902 2383 captos.

412 2401 564 2455 Haec
587 2401 789 2469 passim
813 2400 918 2453 dea
941 2398 1103 2452 foeda
1129 2397 1309 2452 virum
1335 2399 1596 2454 diffundit
1620 2402 1678 2454 in
1704 2416 1817 2454 ora.

411 2488 674 2542 Protinus
698 2487 766 2541 ad
792 2503 981 2555 regem
1007 2502 1198 2540 cursus
1225 2486 1518 2556 detorquet
1544 2487 1765 2556 Iarban,

409 2574 770 2642 Incenditque
798 2573 1039 2628 animum
1064 2573 1227 2627 dictis
1254 2578 1419 2642 atque
1444 2579 1670 2643 aggerat
1692 2574 1820 2629 iras.
1917 2599 1922 2610 ,
1961 2595 1978 2618 r
2079 2581 2090 2636 ⁸,
2157 2585 2164 2592 “

479 2661 585 2715 Hic
606 2660 916 2714 Hammone
941 2665 1106 2728 satus,
1133 2665 1295 2729 rapta
1321 2660 1715 2715 Garamantide
1740 2660 1794 2714 N
1796 2659 2019 2730 ympha,

408 2747 634 2815 Templa
656 2746 778 2800 Iovi
802 2752 1022 2801 centum
1046 2747 1175 2801 latis
1199 2747 1463 2801 immania
1487 2748 1684 2816 regniS,

409 2834 649 2887 Centum
674 2849 795 2887 aras
818 2833 1020 2901 posuit,
1048 2833 1381 2902 vigilemque
1409 2839 1723 2889 sacraverat
1744 2834 1947 2903 ignem,

406 2920 684 2974 Excubias
707 2919 895 2972 divom
919 2924 1187 2987 aeternas,
1209 2919 1591 2990 pecudumque
1616 2937 1812 2975 cruore

406 3006 619 3075 Pingue
642 3006 820 3060 solum
844 3010 902 3060 et
926 3006 1094 3061 variis
1118 3006 1376 3061 florentia
1397 3007 1592 3062 limina
1616 3008 1794 3062 sertis.

406 3093 570 3163 Isque
594 3109 783 3147 amens
806 3092 976 3147 animi
1003 3097 1060 3147 et
1084 3110 1308 3147 rumore
1336 3110 1598 3149 accensus
1621 3110 1809 3149 amaro

406 3180 626 3234 Dicitur
650 3185 779 3233 ante
804 3195 927 3234 aras
949 3178 1134 3233 media
1156 3179 1305 3233 inter
1328 3182 1561 3234 numina
1584 3180 1773 3234 divom

406 3266 584 3321 Multa
606 3266 797 3321 Iovem
824 3266 1080 3320 manibus
1105 3266 1337 3334 supplex
1364 3283 1550 3321 orasse
1577 3267 1818 3336 supinis:

410 3355 445 3384 ‘⁶
462 3354 715 3422 Iuppiter
739 3353 1105 3422 omnipotenS,
1134 3353 1224 3406 cui
1248 3369 1397 3407 nunc
1420 3353 1704 3408 Maurusia
1725 3353 1890 3422 pictis

410 3440 560 3495 Gens
584 3440 806 3509 epulata
827 3438 966 3493 toris
987 3438 1264 3493 Lenaeum
1289 3439 1429 3512 libat
1451 3440 1737 3507 honorem,

409 3526 628 3597 Aspicis
649 3526 822 3581 haec?
860 3542 931 3580 an
955 3529 1028 3595 te,
1057 3525 1292 3594 genitor,
1321 3542 1444 3580 cum
1473 3526 1708 3580 fulmina
1732 3529 1973 3594 torques,

2337 666 2441 724 175

2339 1101 2441 1152 180

2339 1533 2441 1585 185

2340 1969 2442 2020 190

2335 2401 2436 2454 195

2337 2836 2444 2888 200

2339 3267 2443 3320 205
