2725 3917
1010 232 1283 282 VERGILI
1326 232 1657 282 Alam-:mos
1699 232 1763 282 V.

373 394 617 464 Depulit,
645 399 703 447 et
728 394 880 448 caelo
906 394 1129 448 tandem
1154 394 1448 446 miseratus
1473 394 1544 447 ab
1565 394 1680 447 alto
1704 399 1806 447 est.

372 481 630 536 Consiliis
654 498 803 549 pare,
834 497 972 550 quae
996 497 1144 534 nunc
1168 480 1546 548 pulcherrima
1569 479 1784 535 Nautes

370 569 483 623 Dat
507 569 721 636 senior;
760 568 933 622 lectos
956 567 1196 636 iuvenes,
1226 567 1529 621 fortissima
1552 567 1735 634 corda,

372 655 544 710 Defer
568 655 626 707 in
652 654 899 721 Italiam3
939 670 1075 722 gens
1092 654 1230 708 dura
1255 659 1422 722 atque
1447 670 1644 721 aspera
1666 654 1819 708 cultu

369 742 709 796 Debellanda
732 741 836 795 tibi
862 740 1021 795 Latio
1046 746 1147 795 est.
1220 740 1371 794 Ditis
1399 746 1589 794 tamen
1617 746 1748 794 ante

369 830 621 883 Infernas
646 827 843 882 accede
866 828 1075 896 domos,
1105 832 1161 881 et
1185 827 1414 882 Averna
1435 843 1539 896 per
1563 827 1677 881 alta

371 917 709 984 Congressus
732 921 875 983 pete,
904 921 1051 981 nate,
1081 930 1247 968 meos.
1322 913 1379 967 N
1380 930 1454 967 on
1479 931 1570 968 me
1595 915 1765 983 impia
1788 929 2027 984 namque

371 1003 597 1058 Tartara
619 1002 829 1055 habent
852 1002 1109 1056 tristesve
1132 1002 1379 1068 umbrae,
1410 1001 1506 1055 sed
1532 1018 1767 1056 amoena
1790 1002 2008 1071 piorum

372 1090 620 1143 Concilia
645 1089 1000 1158 Elysiumque
1025 1088 1161 1142 colo,
1238 1088 1364 1142 Huc
1391 1095 1546 1144 casta
1569 1089 1781 1166 Sibylla

370 1176 663 1245 Nigrarum
690 1175 866 1228 multo
890 1175 1165 1244 pecudum
1190 1181 1247 1229 te
1275 1178 1540 1245 sanguine
1565 1177 1747 1232 ducet.

370 1264 505 1317 Tum
530 1280 704 1332 genus
728 1279 888 1317 omne
914 1267 1086 1331 tuum,
1114 1268 1173 1318 et
1199 1281 1337 1332 quae
1363 1264 1568 1319 dentur
1590 1265 1826 1331 moenia,
1853 1264 2045 1318 disces.

368 1350 593 1420 Iamque
621 1350 772 1417 vale;
813 1355 1037 1418 torquet
1060 1350 1273 1404 medios
1296 1351 1428 1405 Nox
1453 1351 1639 1406 umida
1663 1368 1870 1418 cursus,

368 1437 441 1491 Et
462 1455 551 1491 me
577 1454 770 1490 saevus
794 1438 949 1505 equis
974 1436 1174 1492 Oriens
1200 1438 1430 1493 adflavit
1453 1439 1720 1493 anhelis.”

367 1524 613 1592 Dixerat,
642 1529 700 1578 et
726 1524 907 1577 tenuis
931 1525 1089 1594 fugit,
1118 1543 1218 1581 ceu
1243 1527 1446 1594 fumus,
1473 1527 1532 1579 in
1555 1543 1733 1580 auras.

369 1612 602 1680 Aeneas,
635 1613 667 1640 “
685 1611 808 1676 Quo
834 1611 1033 1666 deinde
1058 1613 1206 1667 ruis?
1249 1630 1358 1682 quo
1384 1613 1658 1681 proripis?
1678 1612 1710 1640 ’'
1735 1613 1931 1681 inquit,

372 1701 405 1728 ‘⁴
423 1699 599 1764 Quem
624 1698 810 1767 fugis?
848 1704 943 1753 aut
967 1700 1089 1769 quis
1114 1706 1172 1754 te
1196 1702 1406 1755 nostris
1430 1700 1807 1769 complexibus
1831 1700 2017 1754 arcet?
2036 1698 2069 1727 ”

366 1786 516 1839 Haec
537 1801 851 1839 memorans
876 1787 1118 1841 cinerem
1146 1793 1203 1841 et
1227 1788 1440 1856 sopitos
1465 1788 1694 1840 suscitat
1718 1787 1879 1854 igniS,

366 1878 834 1947 Pergameumque
858 1878 1053 1932 Larem
1079 1882 1139 1931 et
1162 1892 1332 1929 canae
1356 1874 1659 1943 penetralia
1685 1873 1894 1928 Vestae

364 1966 532 2019 Farre
556 1966 651 2034 pio
678 1970 735 2020 et
760 1965 924 2034 plena
948 1964 1176 2033 supplex
1204 1967 1500 2016 veneratur
1526 1957 1729 2014 acer‘ra.

433 2052 728 2121 Extemplo
753 2053 931 2107 socios
958 2053 1307 2121 primumque
1331 2047 1561 2102 arcessit
1583 2047 1844 2114 Acesten,

365 2140 438 2193 Et
461 2140 610 2195 Iovis
634 2141 924 2211 imperium
952 2145 1008 2192 et
1032 2138 1145 2193 cari
1168 2140 1468 2206 praecepta
1489 2134 1736 2203 parentis

364 2227 592 2297 Edocet,
624 2234 680 2282 et
706 2245 846 2297 quae
871 2243 1018 2281 nunc
1047 2225 1232 2279 animo
1258 2222 1535 2277 sententia
1564 2225 1796 2275 constet.

366 2314 529 2368 Haud
551 2332 711 2369 mora
735 2314 992 2382 consiliis,
1023 2329 1127 2367 nec
1152 2312 1300 2364 iussa
1324 2314 1541 2364 recusat
1565 2309 1815 2362 Acestes,

365 2400 762 2456 Transcribunt
784 2401 910 2456 urbi
937 2405 1156 2467 matreS,
1190 2398 1563 2467 populumque
1589 2395 1863 2448 volentem

364 2487 680 2557 Deponunt,
709 2489 920 2542 animos
945 2487 1024 2541 nil
1051 2502 1285 2554 magnae
1310 2483 1489 2538 laudis
1514 2481 1744 2549 egentis.

366 2574 473 2643 Ipsi
498 2580 743 2629 transtra
765 2580 992 2642 novant,
1021 2574 1369 2640 flammisque
1396 2571 1616 2624 ambesa
1640 2572 1921 2636 reponunt

365 2661 584 2717 Robora
606 2661 857 2730 navigiiS,
887 2666 1081 2730 aptant
1107 2675 1399 2728 remosque
1423 2657 1796 2724 rudentisque,

365 2748 558 2818 Exigui
584 2765 831 2817 numero,
861 2749 955 2802 sed
983 2748 1129 2803 bello
1156 2747 1344 2801 vivida
1369 2746 1562 2799 virtus,

365 2834 583 2890 Interea
607 2836 826 2890 Aeneas
850 2837 1043 2889 urbem
1070 2834 1321 2903 designat
1345 2839 1532 2887 aratro

365 2922 716 2992 Sortiturque
740 2923 964 2991 domos3
1004 2923 1114 2976 hoc
1139 2922 1299 2975 Ilium
1327 2926 1385 2975 et
1407 2920 1545 2973 haec
1569 2918 1692 2973 loca
1715 2916 1934 2971 Troiam

364 3007 494 3062 Esse
518 3009 689 3064 iubet.
768 3009 987 3063 Gaudet
1010 3025 1182 3076 regno
1209 3008 1478 3061 Troianus
1502 3006 1747 3072 AcesteS,

365 3095 672 3165 Indicitque
697 3096 883 3150 forum
909 3101 966 3149 et
989 3095 1240 3164 patribus
1263 3095 1360 3147 dat
1386 3094 1509 3146 iura
1533 3091 1758 3145 vocatis·

364 3181 497 3235 Tum
523 3184 708 3237 vicina
733 3183 896 3238 astris
920 3182 1161 3250 Erycino
1188 3183 1245 3235 in
1271 3181 1482 3234 vertice
1508 3178 1667 3232 sedes

364 3269 646 3325 Fundatur
672 3271 884 3326 Veneri
909 3269 1131 3338 Idaliae,
1159 3268 1484 3335 tumuloque
1509 3265 1764 3319 sacerdos

364 3356 448 3411 Ac
469 3358 629 3412 lucus
652 3358 767 3412 late
792 3373 947 3410 sacer
972 3356 1193 3412 additur
1218 3354 1516 3408 Anchiseo.

431 3443 659 3514 Iamque
684 3444 802 3497 dies
827 3442 1050 3511 epulata
1071 3458 1275 3496 novem
1300 3457 1437 3509 gens
1461 3439 1657 3506 omniS,
1687 3442 1746 3491 et
1769 3437 1879 3490 aris

362 3528 558 3586 Faetus
582 3531 792 3585 honos:
835 3529 1037 3598 placidi
1063 3532 1380 3583 straverunt
1407 3541 1647 3594 aequora
1670 3524 1843 3591 venti,

2301 651 2406 710 730

2298 1088 2399 1144 '735

2296 1524 2330 1580 ⁷
2330 1526 2399 1577 40

2295 1958 2396 2015 '745

2292 2392 2396 2449 750

2292 2828 2394 2884 '755

2292 3260 2395 3316 '760
