2725 3917
906 266 1183 318 VERGILI
1227 267 1363 318 AEN
1365 267 1557 317 EIDOS
1601 267 1667 318 ΙΙ.

273 431 435 486 Nunc
457 434 677 485 tantum
705 429 855 483 sinus
881 436 938 484 et
961 430 1127 484 statio
1151 429 1295 484 male
1318 429 1432 483 fida
1454 429 1682 496 earinis3

271 519 397 572 Huc
422 535 480 572 se
504 516 757 586 provecti
780 516 1001 570 deserto
1026 518 1084 569 in
1107 517 1273 570 litore
1298 516 1561 571 condunt.

272 605 390 659 Nos
414 604 613 659 abiisse
638 602 745 657 rati
771 609 827 656 et
852 608 1021 657 vento
1045 603 1267 672 petiisse
1292 602 1580 669 Mycenas:

272 693 420 761 Ergo
447 691 627 745 omnis
649 690 820 758 longo
846 689 1011 743 solvit
1036 706 1094 743 se
1118 688 1348 743 Teucria
1370 690 1521 743 luctu
1541 707 1554 757 3

272 779 600 833 Panduntur
623 783 848 847 portae3
888 776 1045 831 iuvat
1067 776 1151 830 ire
1175 781 1232 830 et
1256 776 1462 830 Dorica
1485 780 1666 830 castra

271 865 640 933 Desertosque
664 864 855 917 videre
877 863 1030 917 locos
1051 862 1291 931 litusque
1317 863 1587 917 relietum.

273 954 379 1007 Hic
402 952 683 1022 Dolopum
706 967 917 1019 manue,
945 950 1039 1004 hic
1064 966 1258 1004 saevus
1283 950 1548 1004 tendebat
1573 949 1853 1019 Achilles;

275 1040 554 1094 classibus
585 1038 678 1093 hic
711 1038 882 1108 locus,
913 1037 1006 1091 hic
1032 1037 1146 1091 acie
1171 1041 1385 1091 certare
1410 1037 1676 1092 solebant.
1703 1073 1712 1091 .

273 1126 410 1180 Pars
434 1130 619 1195 stupet
642 1126 907 1194 innuptae
932 1123 1138 1178 donum
1166 1123 1390 1178 exitiale
1416 1123 1698 1178 Minervae

273 1213 347 1267 Et
369 1214 573 1267 molem
597 1213 868 1266 mirantur
893 1212 1018 1280 equi
1038 1229 1053 1279 ς
1092 1211 1412 1281 primusque
1436 1210 1771 1279 Tthoetes

273 1299 418 1355 Duci
441 1301 590 1354 intra
611 1315 802 1353 muros
823 1298 1080 1352 hortatur
1104 1302 1162 1351 et
1186 1314 1314 1352 arce
1338 1299 1528 1367 locari,

275 1388 404 1442 Sive
427 1387 573 1456 dolo,
603 1402 698 1441 seu
720 1386 834 1439 iam
859 1384 1052 1439 Troiae
1078 1385 1156 1439 sic
1180 1385 1301 1439 fata
1323 1386 1591 1440 ferebant.

274 1476 358 1529 At
381 1474 579 1543 Capys,
608 1478 665 1527 et
689 1488 924 1541 quorum
947 1471 1145 1526 melior
1170 1473 1446 1527 sententia
1470 1473 1661 1541 menti,

276 1563 393 1616 Aut
413 1562 612 1631 pelago
633 1561 889 1615 Danaum
913 1560 1140 1614 insidias
1158 1566 1521 1630 suspectaque
1544 1561 1692 1616 dona

276 1648 647 1719 Praecipitare
672 1648 881 1715 iubent,
908 1647 1274 1718 subiectisque
1299 1664 1458 1702 urere
1482 1647 1733 1718 flammis,

277 1736 395 1789 Aut
415 1736 697 1790 terebrare
722 1751 883 1789 cavas
905 1735 1050 1789 uteri
1075 1740 1132 1789 et
1154 1739 1429 1804 temptare
1452 1735 1706 1789 latebras

277 1823 560 1877 Scinditur
581 1824 852 1877 incertum
878 1822 1061 1876 studia
1081 1823 1142 1875 in
1166 1822 1445 1875 contraria
1468 1822 1676 1890 volgus,

344 1910 568 1964 Primus
592 1910 670 1964 ibi
695 1915 825 1965 ante
849 1911 1043 1979 omniS,
1072 1926 1273 1979 magna
1291 1908 1589 1962 comitante
1614 1912 1851 1977 caterva,
1917 1883 1941 1939 ’Δ

276 1996 535 2052 Laocoon
558 1997 757 2052 ardens
780 2014 993 2052 summa
1019 1997 1263 2052 decurrit
1287 1995 1356 2050 ab
1383 2012 1524 2064 arce,

275 2084 349 2140 Et
370 2085 598 2155 procul:
641 2088 677 2115 ‘⁴
694 2086 745 2140 Ο
768 2088 970 2157 miseri,
1001 2104 1141 2157 quae
1168 2091 1327 2142 tanta
1349 2086 1578 2156 insania,
1606 2086 1755 2141 cives
1776 2086 1799 2140 2

279 2172 517 2227 Creditis
541 2178 764 2227 avectos
787 2174 997 2228 hostis?
1039 2179 1134 2229 aut
1157 2175 1271 2229 ulla
1295 2176 1503 2244 putatis

277 2258 439 2314 Dona
463 2275 652 2314 carere
676 2259 818 2314 dolis
840 2260 1135 2315 Danaum?
1173 2261 1250 2316 sic
1275 2267 1442 2315 notus
1465 2261 1690 2315 Ulixes?

279 2348 397 2402 Aut
416 2347 528 2402 hoc
552 2347 750 2402 inclusi
773 2347 927 2417 ligno
954 2348 1300 2403 occultantur
1320 2339 1547 2418 Achivi,

277 2435 395 2490 Aut
417 2435 555 2490 haec
579 2436 640 2488 in
663 2440 883 2489 nostros
906 2435 1175 2490 fabricata
1197 2443 1281 2491 est
1303 2436 1563 2491 machina
1587 2453 1776 2491 muros

277 2522 602 2593 Inspectura
625 2522 820 2576 domos
838 2528 1179 2593 venturaque
1205 2523 1441 2593 desuper
1466 2524 1605 2592 urbi,

278 2610 395 2665 Aut
419 2611 618 2680 aliquis
641 2611 780 2665 latet
809 2627 996 2665 error:
1040 2628 1182 2680 equo
1206 2628 1278 2666 ne
1304 2611 1530 2681 credite,
1558 2610 1769 2666 Teucri.

278 2697 559 2767 Quidquid
584 2697 641 2750 id
667 2702 767 2765 est,
796 2698 967 2752 timeo
989 2696 1212 2752 Danaos
1236 2702 1294 2752 et
1317 2697 1466 2752 dona
1488 2697 1774 2752 ferentiS.”

279 2783 367 2839 Sic
390 2786 543 2838 fatus
567 2782 763 2839 validis
788 2783 1069 2853 ingentem
1097 2785 1306 2840 viribus
1328 2785 1547 2840 hastam

276 2869 344 2925 In
366 2871 512 2926 latus
528 2871 699 2940 inque
722 2871 827 2924 feri
854 2887 1079 2925 curvam
1105 2873 1465 2941 compagibus
1490 2872 1674 2927 alvum

279 2959 580 3014 contorsit.
655 2956 823 3012 Stetit
848 2957 945 3011 illa
967 2962 1224 3026 tremens,
1254 2965 1522 3030 uteroque
1545 2976 1766 3014 recusso

278 3045 580 3100 Insonuere
605 3061 774 3100 cavae
797 3045 1172 3114 gemitumque
1196 3044 1398 3100 dedere
1422 3063 1707 3101 cavernae.

279 3132 364 3203 Et,
402 3135 447 3187 si
473 3134 597 3187 fata
620 3132 805 3200 deum,
835 3130 880 3185 si
905 3148 1063 3185 mens
1086 3148 1202 3186 non
1227 3132 1384 3187 laeva
1410 3134 1620 3202 fuisset,

279 3220 583 3290 Impulerat
607 3220 763 3272 ferro
789 3218 1082 3287 Argolicas
1106 3219 1333 3274 foedare
1358 3221 1611 3290 latebraS,

280 3306 549 3378 Troiaque
572 3322 724 3359 nunc
748 3310 939 3372 stares,
968 3305 1283 3376 Priamique
1310 3324 1408 3361 arx
1436 3309 1547 3362 alta
1572 3325 1836 3363 maneres.

340 3393 509 3465 Q
532 3409 732 3450 manus
754 3393 1014 3446 iuvenem
1036 3393 1248 3449 interea
1272 3400 1399 3464 post
1416 3400 1574 3464 terga
1595 3398 1906 3450 revinctum

274 3477 539 3554 m
558 3495 764 3549 magno
791 3479 861 3534 ad
885 3496 1070 3548 regem
1100 3481 1338 3536 clamore
1363 3483 1663 3536 trahebant

102 3561 109 3566 ’
270 3563 649 3637 m,
677 3566 772 3637 qui
795 3583 855 3620 se
879 3566 1132 3636 ignotum
1157 3569 1509 3623 venientibus
1532 3569 1696 3639 ultre,

176 3695 297 3736 :5¹-
376 3721 387 3730 .

2236 606 2305 658 25

2242 1039 2310 1091 30

2242 1476 2310 1527 35

2244 1912 2315 1963 40

2247 2785 2318 2839 50

2248 3221 2320 3276 55
