2725 3917
994 211 1270 262 VERGILI
1313 211 1449 261 AEN
1450 212 1643 262 EIDOS
1685 211 1750 263 11.

362 373 519 438 Quae
543 376 730 426 tantae
754 377 982 427 tenuere
1006 374 1226 428 morae?
1267 374 1464 441 quibus
1488 373 1697 427 Hector
1723 374 1791 427 ab
1819 373 1932 428 oris

359 459 695 528 Exspectate
719 459 907 513 venis?
946 464 1008 512 ut
1031 464 1088 512 te
1110 465 1237 527 post
1260 460 1434 513 multa
1457 465 1681 513 tuorum

359 546 593 615 Funera,
621 552 748 615 post
773 547 952 600 varios
975 546 1373 614 hominumque
1400 547 1657 615 urbisque
1680 547 1901 602 labores

359 633 578 687 Defessi
602 632 920 701 aspicimus!
964 649 1100 701 quae
1125 649 1286 686 causa
1309 632 1535 700 indigna
1558 650 1782 687 serenos
2290 634 2392 687 285

334 703 628 774 'Foedavit
653 718 869 774 voltus?
908 725 1003 773 aut
1029 736 1127 772 cur
1150 720 1288 773 haec
1312 720 1543 773 volnera
1565 721 1770 774 cerno?
1794 720 1826 749 ”

362 807 462 860 Ille
486 806 642 874 nihil,
671 823 773 860 nec
796 822 886 859 me
910 811 1267 875 quaerentem
1294 823 1435 861 vana
1457 811 1722 874 moratur,

363 893 471 947 Sed
496 894 741 962 graviter
763 894 1000 961 gemitus
1022 894 1134 947 imo
1159 893 1228 948 de
1252 899 1477 962 pectore
1502 893 1721 961 ducens,

261 999 271 1014 ³
367 980 541 1034 “Heu
566 980 707 1048 fuge,
736 988 865 1034 nate
891 980 1009 1049 dea,
1037 985 1201 1048 teque
1224 981 1312 1034 his
1334 980 1367 1008 ”
1403 982 1484 1034 ait
1537 980 1737 1048 “eripe
1760 979 2009 1038 flammis·

363 1065 554 1119 Hostis
576 1067 747 1120 habet
770 1083 988 1134 muros3
1028 1068 1143 1119 ruit
1169 1066 1281 1120 alto
1307 1083 1339 1118 a
1364 1066 1603 1120 culmine
1628 1066 1809 1122 Troia.
2290 1070 2397 1122 290

364 1152 462 1206 Sat
485 1153 697 1220 patriae
721 1152 1050 1219 Priamoque
1076 1152 1298 1218 datum3
1335 1152 1382 1204 si
1407 1152 1679 1220 Pergama
1705 1153 1902 1208 dextra

363 1238 601 1291 Defendi
625 1242 865 1306 possent,
894 1238 1060 1290 etiam
1084 1237 1189 1291 hac
1214 1237 1445 1291 defensa
1467 1238 1732 1304 fuissent3

365 1325 532 1379 Sacra
555 1341 788 1392 suosque
812 1324 913 1377 tibi
941 1324 1291 1385 commendat
1316 1325 1480 1382 Troia
1503 1326 1760 1380 Penatis:

364 1412 485 1465 Hos
509 1427 640 1480 cape
666 1410 906 1463 fatorum
932 1410 1176 1480 comites,
1203 1411 1294 1484 bis
1314 1413 1537 1468 moenia
1560 1429 1775 1481 quaere,

363 1498 566 1567 Magna
589 1501 872 1565 pererrato
898 1502 1105 1551 statues
1130 1515 1268 1567 quae
1294 1498 1529 1566 denique
1551 1498 1779 1566 ponto.”
2254 1490 2259 1495 ’
2292 1500 2396 1552 295

366 1584 456 1639 Sic
481 1585 572 1653 ait,
601 1588 657 1637 et
680 1584 933 1637 manibus
956 1585 1126 1638 vittas
1151 1585 1493 1656 Vestamque
1519 1590 1798 1652 potentem

364 1671 779 1740 Aeternumque
804 1671 983 1737 adytis
1007 1672 1169 1725 effert
1194 1669 1568 1740 penetralibus
1590 1672 1791 1739 ignem.
1858 1690 1860 1692 ’

330 1744 344 1780 s
433 1757 670 1811 Diverso
694 1758 908 1811 interea
932 1758 1239 1812 miscentur
1253 1759 1474 1813 moenia
1496 1759 1665 1828 luctu,
2139 1767 2260 1838 μμ

302 1823 315 1844 f
363 1844 436 1897 Et
459 1846 634 1913 magis
659 1849 820 1913 atque
846 1846 1030 1915 magis,
1061 1863 1393 1916 quamquam
1419 1851 1632 1900 secreta
1654 1845 1900 1915 parentis
1955 1843 2043 1884 ³004
2069 1805 2155 1908 (f,
2174 1873 2236 1912 hx,
2253 1853 2268 1876 ‘

364 1932 636 1985 Anchisae
662 1931 857 1986 domus
882 1933 1278 2002 arboribusque
1297 1935 1527 1997 ,obtecta
1551 1933 1791 1997 recessit,
1901 1937 1972 1988 azbi
1994 1917 2052 1987 2⁴3-
2099 1939 2106 1946 ”
2130 1915 2148 1974 ῗ
2292 1935 2397 1986 300

364 2019 687 2074 Olaresount
713 2021 939 2090 sonitus,
969 2037 1354 2088 armorumque
1379 2020 1587 2086 ingruit
1611 2019 1827 2072 horror.
1875 2039 1900 2088 ,s

363 2104 631 2159 Excutior
655 2124 863 2174 somno,
895 2111 950 2160 et
977 2106 1174 2159 summi
1201 2105 1421 2172 fastigia
1444 2106 1581 2158 tecti

364 2193 612 2246 Ascensu
638 2210 852 2261 supero,
883 2198 1046 2261 atque
1071 2192 1296 2245 arrectis
1320 2191 1545 2245 auribus
1570 2196 1716 2246 asto:

363 2278 426 2330 In
455 2283 691 2346 segetem
716 2280 889 2333 veluti
915 2296 1040 2332 cum
1064 2278 1281 2332 flamma
1299 2263 1613 2332 ¹furentibus
1638 2279 1836 2332 austris

363 2365 581 2435 Incidit,
612 2373 707 2420 aut
732 2367 954 2436 rapidus
979 2371 1244 2419 montano
1268 2365 1497 2419 flumine
1522 2371 1741 2419 torrens
2291 2369 2395 2420 305

365 2450 576 2506 Sternit
601 2470 777 2522 agrOS,
807 2454 1006 2507 sternit
1033 2458 1151 2507 sata
1175 2454 1322 2516 laeta
1349 2453 1621 2521 boumque
1645 2452 1880 2523 labores,

363 2538 795 2608 Praecipitisque
819 2540 994 2593 trahit
1020 2541 1199 2608 silvas,
1231 2544 1416 2608 stupet
1440 2540 1643 2593 inscius
1670 2539 1782 2593 alto

363 2625 659 2694 Accipiens
684 2627 926 2679 sonitum
952 2628 1067 2681 saxi
1093 2628 1162 2682 de
1190 2628 1397 2682 vertice
1423 2632 1629 2696 pastor.

363 2712 504 2765 Tum
532 2729 663 2766 vero
686 2713 978 2768 manifesta
998 2713 1149 2783 fides,
1178 2713 1542 2782 Danaumque
1567 2719 1857 2782 patescunt
2112 2760 2126 2767 -

362 2797 616 2852 Insidiae.
690 2798 808 2852 Iam
830 2800 1109 2868 Deiphobi
1135 2800 1288 2854 dedit
1313 2799 1496 2868 ampla
1519 2801 1778 2868 ruinam,·
2294 2804 2400 2853 810

363 2885 618 2940 Volcano
644 2892 950 2955 superante,
979 2887 1188 2954 domus,
1217 2887 1328 2939 iam
1351 2887 1635 2955 proximus
1661 2887 1815 2941 ardet

363 2972 672 3041 Ucalegon3
714 2972 876 3040 Sigea
898 2974 1011 3042 igni
1034 2974 1183 3028 freta
1204 2973 1317 3027 lata
1340 2974 1606 3029 relucent.

362 3060 631 3115 Exoritur
656 3060 969 3130 clamorque
993 3061 1174 3114 virum
1199 3060 1531 3131 clangorque
1556 3062 1830 3116 tubarum.

363 3147 539 3201 Arma
564 3162 750 3201 amens
776 3146 961 3215 capi03
1002 3163 1105 3201 nec
1128 3152 1214 3201 sat
1238 3148 1468 3202 rationis
1492 3149 1550 3201 in
1578 3149 1775 3214 armis3

350 3234 472 3287 Sed
497 3234 803 3302 glomerare
827 3250 1051 3287 manum
1074 3233 1222 3287 bello
1248 3239 1304 3287 et
1328 3250 1651 3288 concurrere
1675 3234 1732 3287 iu
1762 3251 1947 3289 arcem
2293 3235 2401 3289 315

366 3319 504 3373 Oum
533 3319 694 3373 sociis
718 3319 912 3372 ardent
936 3319 1134 3387 animi3
1174 3320 1332 3373 furor
1359 3320 1546 3387 iraque
1573 3325 1814 3373 mentem

363 3405 753 3475 Praecipitant,
782 3405 1183 3473 pulchrumque
1208 3405 1348 3457 mori
1373 3406 1728 3458 succurrit-in
1753 3405 1936 3460 armis.

431 3491 575 3546 Ecce
600 3496 784 3545 autem
811 3491 934 3546 telis
957 3491 1207 3544 Panthus
1233 3491 1446 3559 elapsus
1470 3491 1763 3559 Achivom,
