2725 3917
987 237 1262 287 VERGILI
1305 236 1441 286 AEN
1443 237 1635 287 EIDOS
1679 236 1796 287 VH.

378 397 620 467 Stirpem
645 396 937 451 admisceri
961 397 1259 465 Phrygiam
1281 416 1295 464 3
1337 414 1396 450 se
1420 397 1608 451 limine
1633 397 1780 465 pelli.

377 485 533 553 Tum,
564 500 797 553 quorum
822 484 1090 537 attonitae
1115 483 1338 537 Baccho
1363 500 1596 537 nemora
1619 485 1744 538 avia
1767 488 1976 538 matres

376 570 652 624 Insultant
675 570 1138 639 thiasis‚--·neque
1164 570 1311 623 enim
1335 570 1457 624 leve
1476 586 1681 624 nomen
1707 570 2037 638 Amatae,—

377 656 634 726 Undique
658 657 872 710 collecti
899 661 1115 725 coeunt,
1144 656 1488 726 Martemque
1514 658 1767 724 fatigant.

376 742 537 796 Ilicet
556 742 851 797 infandum
876 742 1062 796 cuncti
1089 747 1284 796 contra
1311 743 1498 796 omina
1523 743 1745 809 bellum,

379 828 587 883 Contra
608 829 728 882 fata
750 828 929 897 deum,
956 845 1217 896 perverso
1242 830 1473 885 numine
1496 834 1751 898 poscunt.

378 914 648 969 Certatim
672 915 817 984 regis
844 915 1201 969 circumstant
1228 920 1376 969 tecta
1401 915 1616 985 Latini;

375 1000 477 1054 Ille
502 1001 654 1055 velut
677 1001 858 1070 pelagi
881 1017 1047 1070 rupes
1071 1002 1305 1056 immota
1330 1002 1631 1071 resistit,—

376 1085 454 1140 Ut
474 1088 654 1155 pelagi
677 1103 842 1157 rupes
864 1104 1066 1156 magno
1092 1089 1351 1141 veniente
1378 1089 1613 1157 fragore,

377 1172 531 1238 Quae
554 1190 687 1242 sese,
715 1174 904 1227 multis
933 1174 1139 1228 circum
1166 1174 1499 1228 latrantibus
1518 1174 1698 1244 undis,

373 1259 523 1312 Mole
546 1264 730 1329 tenet3
771 1260 983 1328 scopuli
1005 1264 1337 1330 nequiquam
1370 1267 1426 1316 et
1451 1278 1679 1330 spumea
1702 1262 1909 1317 circum

375 1344 521 1399 Saxa
543 1348 804 1415 fremunt,
833 1347 1101 1416 laterique
1126 1348 1287 1403 inlisa
1315 1349 1630 1403 refunditur
1654 1349 1792 1418 alga.

374 1432 586 1486 Verum
612 1433 707 1486 ubi
731 1433 884 1487 nulla
907 1434 1072 1488 datur
1095 1452 1317 1489 caecum
1344 1452 1673 1504 exsuperare
1697 1441 1946 1504 potestas

375 1518 693 1587 Consilium,
722 1524 780 1572 et
803 1537 999 1575 saevae
1024 1527 1160 1574 nutu
1185 1522 1416 1575 Iunonis
1441 1527 1574 1575 eunt
1598 1538 1702 1590 res,

373 1606 550 1659 Multa
573 1606 708 1660 deos
732 1623 1000 1676 aurasque
1024 1613 1184 1676 pater
1210 1613 1446 1661 testatus
1468 1609 1665 1677 inanis,

377 1695 411 1723 ‘⁴
431 1692 758 1762 Frangimur
782 1693 891 1747 heu
915 1694 1049 1748 fatis
1070 1695 1103 1722 ‘'
1131 1695 1311 1764 inquit
1339 1697 1373 1724 ‘⁴
1388 1695 1726 1764 ferimurque
1750 1695 2020 1765 procella!

374 1779 489 1848 Ipsi
514 1780 614 1834 has
638 1781 906 1850 sacrilego
931 1781 1187 1851 pendetis
1213 1782 1478 1850 sanguine
1500 1798 1722 1851 poenas,

375 1866 425 1919 O
448 1867 652 1921 miseri.
726 1867 818 1936 Te,
847 1867 1043 1938 Turne,
1073 1870 1242 1938 nesae,
1271 1878 1329 1923 te
1352 1870 1514 1922 triste
1538 1869 1786 1923 manebit

374 1952 729 2022 Supplicium,
757 1955 1011 2024 votisque
1037 1956 1169 2010 deos
1195 1957 1530 2010 venerabere
1555 1956 1705 2010 seris.

374 2039 520 2092 Nam
544 2041 680 2092 mihi
704 2045 866 2109 parta
891 2043 1059 2110 quiea,
1091 2042 1377 2109 omnisque
1401 2043 1462 2094 in
1485 2042 1677 2095 limine
1700 2047 1922 2111 portus3

373 2124 589 2179 Funere
613 2125 761 2178 felici
784 2127 1044 2194 spolior.”
1118 2126 1237 2179 Nec
1262 2127 1424 2194 plura
1445 2127 1665 2180 locutus

375 2210 590 2279 Saepsit
615 2227 672 2265 se
699 2212 873 2280 tectis,
903 2227 1197 2280 rerumque
1226 2212 1448 2281 reliquit
1472 2214 1730 2268 habenas,

444 2297 567 2350 Mos
591 2301 711 2350 erat
735 2297 1006 2366 Hesperio
1031 2298 1091 2351 in
1115 2297 1291 2366 Latio,
1321 2315 1485 2367 quem
1508 2301 1763 2368 protinus
1787 2302 1952 2356 urbes

374 2383 623 2437 Albanae
649 2384 865 2437 coluere
891 2400 1124 2453 sacrum,
1151 2401 1300 2438 nunc
1323 2386 1564 2439 maxima
1587 2403 1771 2440 rerum

373 2471 551 2524 Roma
574 2471 720 2537 colit,
750 2487 876 2525 cum
900 2473 1082 2540 prima
1105 2477 1333 2527 movent
1358 2473 1415 2526 in
1440 2474 1649 2541 proelia
1672 2473 1926 2543 Martem,

374 2557 504 2611 Sive
529 2558 685 2612 Getis
709 2559 913 2613 inferre
938 2576 1103 2614 manu
1130 2560 1467 2614 lacrimabile
1492 2560 1696 2614 bellum

373 2644 713 2711 Hyrcanisve
739 2643 1010 2700 Arabisve
1033 2652 1247 2716 parant,
1279 2664 1372 2701 seu
1398 2647 1628 2702 tendere
1651 2649 1721 2702 ad
1746 2649 1914 2702 Indos

374 2730 759 2799 Auroramque
784 2733 937 2801 sequi
962 2732 1308 2802 Parthosque
1332 2750 1621 2802 reposcere
1648 2735 1830 2803 signa:

374 2816 515 2870 Sunt
539 2817 787 2885 geminae
811 2817 953 2872 Belli
976 2820 1319 2888 portae—sic
1341 2820 1566 2873 nomine
1591 2820 1852 2876 dieunt—-

373 2903 660 2972 Religione
684 2920 871 2958 sacrae
895 2909 952 2958 et
975 2905 1122 2959 saevi
1145 2905 1444 2960 formidine
1469 2906 1696 2974 Martis3

374 2990 614 3044 Centum
636 2990 782 3044 aerei
806 2990 1069 3045 claudunt
1091 2996 1280 3045 vectes
1304 2997 1638 3064 aeternaque
1662 2993 1801 3047 ferri

372 3076 610 3144 Robora,
637 3092 741 3130 nec
766 3080 950 3130 custos
975 3078 1192 3131 absistit
1215 3078 1407 3131 limine
1430 3078 1625 3132 Ianus:

373 3163 503 3229 Has,
530 3164 627 3218 ubi
653 3168 804 3218 certa
828 3163 982 3217 sedet
1005 3165 1260 3232 patribus
1283 3166 1558 3219 sententia
1579 3179 1813 3236 pugnae,

371 3248 498 3318 Ipse
524 3249 795 3316 Quirinali
819 3250 1012 3304 trabea
1036 3250 1327 3318 cinctuque
1352 3251 1574 3305 Gabino

371 3334 608 3405 Insignis
631 3341 842 3391 reserat
867 3336 1160 3390 stridentia
1182 3336 1378 3389 limina
1403 3336 1625 3406 consu13

371 3421 496 3491 Ipse
523 3428 687 3477 vocat
711 3439 937 3492 pugnas,
967 3423 1217 3492 sequitur
1239 3427 1362 3475 tum
1388 3428 1576 3476 cetera
1597 3423 1789 3494 pubes,

374 3505 660 3576 Aereaque
686 3508 918 3562 adsensu
943 3508 1263 3577 conspirant
1288 3523 1497 3563 cornua
1520 3524 1705 3564 rauco.

2306 488 2413 539 580

2303 1355 2411 1406 590

2304 1788 2408 1839 5⁹5
2463 1826 2495 1839 ,γ

2302 2222 2406 2271 600

2304 2653 2405 2704 605

2302 3085 2405 3134 610

2298 3513 2404 3566 615
