<?xml version="1.0" encoding="UTF-8"?>
<!DOCTYPE html PUBLIC "-//W3C//DTD XHTML 1.0 Transitional//EN"
    "http://www.w3.org/TR/xhtml1/DTD/xhtml1-transitional.dtd">
<html xmlns="http://www.w3.org/1999/xhtml" xml:lang="en" lang="en">
 <head>
  <title>
</title>
<meta http-equiv="Content-Type" content="text/html;charset=utf-8" />
  <meta name='ocr-system' content='tesseract 3.04.00' />
  <meta name='ocr-capabilities' content='ocr_page ocr_carea ocr_par ocr_line ocrx_word'/>
</head>
<body>
  <div class='ocr_page' id='page_1' title='image "./bucolicsandfirs00friegoog_0199.png"; bbox 0 0 2725 3917; ppageno 0'>
   <div class='ocr_carea' id='block_1_1' title="bbox 906 269 1693 321">
    <p class='ocr_par' dir='ltr' id='par_1_1' title="bbox 906 269 1693 321">
     <span class='ocr_line' id='line_1_1' title="bbox 906 269 1693 321; baseline 0.003 -2"><span class='ocrx_word' id='word_1_1' title='bbox 906 269 1182 320; x_wconf 83' lang='lat' dir='ltr'>VERGILI</span> <span class='ocrx_word' id='word_1_2' title='bbox 1229 270 1560 320; x_wconf 80' lang='lat' dir='ltr'>AENEIDOS</span> <span class='ocrx_word' id='word_1_3' title='bbox 1604 271 1693 321; x_wconf 85' lang='lat' dir='ltr'>VI.</span> 
     </span>
    </p>
   </div>
   <div class='ocr_carea' id='block_1_2' title="bbox 197 431 2346 3547">
    <p class='ocr_par' dir='ltr' id='par_1_2' title="bbox 197 431 2346 3547">
     <span class='ocr_line' id='line_1_2' title="bbox 285 431 1779 501; baseline 0 -16"><span class='ocrx_word' id='word_1_4' title='bbox 285 431 480 486; x_wconf 84' lang='lat' dir='ltr'>Ulmus</span> <span class='ocrx_word' id='word_1_5' title='bbox 505 448 693 501; x_wconf 90' lang='lat' dir='ltr'>opaca,</span> <span class='ocrx_word' id='word_1_6' title='bbox 722 432 929 501; x_wconf 88' lang='lat' dir='ltr'>ingens,</span> <span class='ocrx_word' id='word_1_7' title='bbox 961 450 1124 501; x_wconf 89' lang='lat' dir='ltr'>quam</span> <span class='ocrx_word' id='word_1_8' title='bbox 1150 432 1334 485; x_wconf 88' lang='lat' dir='ltr'>sedem</span> <span class='ocrx_word' id='word_1_9' title='bbox 1362 433 1592 487; x_wconf 89' lang='lat' dir='ltr'>Somnia</span> <span class='ocrx_word' id='word_1_10' title='bbox 1615 434 1779 501; x_wconf 84' lang='lat' dir='ltr'>volgo</span> 
     </span>
     <span class='ocr_line' id='line_1_3' title="bbox 286 518 1858 588; baseline 0 -15"><span class='ocrx_word' id='word_1_11' title='bbox 286 518 447 573; x_wconf 86' lang='lat' dir='ltr'>Vana</span> <span class='ocrx_word' id='word_1_12' title='bbox 472 524 665 573; x_wconf 88' lang='lat' dir='ltr'>tenere</span> <span class='ocrx_word' id='word_1_13' title='bbox 690 519 891 588; x_wconf 81' lang='lat' dir='ltr'>ferunt,</span> <span class='ocrx_word' id='word_1_14' title='bbox 920 520 1176 588; x_wconf 84' lang='lat' dir='ltr'>foliisque</span> <span class='ocrx_word' id='word_1_15' title='bbox 1203 520 1304 573; x_wconf 89' lang='lat' dir='ltr'>sub</span> <span class='ocrx_word' id='word_1_16' title='bbox 1330 521 1585 573; x_wconf 89' lang='lat' dir='ltr'>omnibus</span> <span class='ocrx_word' id='word_1_17' title='bbox 1613 521 1858 574; x_wconf 81' lang='lat' dir='ltr'><strong>haerent.</strong></span> 
     </span>
     <span class='ocr_line' id='line_1_4' title="bbox 286 606 2318 675; baseline 0.001 -16"><span class='ocrx_word' id='word_1_18' title='bbox 286 606 567 675; x_wconf 85' lang='lat' dir='ltr'>Multaque</span> <span class='ocrx_word' id='word_1_19' title='bbox 592 612 881 675; x_wconf 88' lang='lat' dir='ltr'>praeterea</span> <span class='ocrx_word' id='word_1_20' title='bbox 900 608 1176 661; x_wconf 89' lang='lat' dir='ltr'>variarum</span> <span class='ocrx_word' id='word_1_21' title='bbox 1200 611 1453 661; x_wconf 90' lang='lat' dir='ltr'>monstra</span> <span class='ocrx_word' id='word_1_22' title='bbox 1478 609 1720 661; x_wconf 86' lang='lat' dir='ltr'>ferarum</span> <span class='ocrx_word' id='word_1_23' title='bbox 2216 609 2318 661; x_wconf 85' lang='lat'>285</span> 
     </span>
     <span class='ocr_line' id='line_1_5' title="bbox 286 693 1806 762; baseline -0.001 -15"><span class='ocrx_word' id='word_1_24' title='bbox 286 694 546 747; x_wconf 83' lang='lat' dir='ltr'>Centauri</span> <span class='ocrx_word' id='word_1_25' title='bbox 571 694 631 746; x_wconf 92' lang='lat' dir='ltr'>in</span> <span class='ocrx_word' id='word_1_26' title='bbox 655 694 868 747; x_wconf 87' lang='lat' dir='ltr'>foribus</span> <span class='ocrx_word' id='word_1_27' title='bbox 891 694 1170 747; x_wconf 78' lang='lat' dir='ltr'><strong>stabulant</strong></span> <span class='ocrx_word' id='word_1_28' title='bbox 1195 693 1516 762; x_wconf 77' lang='lat' dir='ltr'>Scyllaeque</span> <span class='ocrx_word' id='word_1_29' title='bbox 1544 694 1806 747; x_wconf 79' lang='lat' dir='ltr'>biformes</span> 
     </span>
     <span class='ocr_line' id='line_1_6' title="bbox 285 780 1670 850; baseline 0.001 -17"><span class='ocrx_word' id='word_1_30' title='bbox 285 780 357 834; x_wconf 88' lang='lat' dir='ltr'>Et</span> <span class='ocrx_word' id='word_1_31' title='bbox 381 782 859 850; x_wconf 81' lang='lat' dir='ltr'>centumgeminus</span> <span class='ocrx_word' id='word_1_32' title='bbox 883 781 1142 835; x_wconf 88' lang='lat' dir='ltr'>Briareus</span> <span class='ocrx_word' id='word_1_33' title='bbox 1167 798 1230 835; x_wconf 92' lang='lat' dir='ltr'>ac</span> <span class='ocrx_word' id='word_1_34' title='bbox 1257 782 1419 835; x_wconf 89' lang='lat' dir='ltr'>belua</span> <span class='ocrx_word' id='word_1_35' title='bbox 1443 782 1670 846; x_wconf 81' lang='lat' dir='ltr'>Lernae,</span> 
     </span>
     <span class='ocr_line' id='line_1_7' title="bbox 286 867 1858 936; baseline -0.001 -16"><span class='ocrx_word' id='word_1_36' title='bbox 286 867 640 922; x_wconf 88' lang='lat' dir='ltr'>Horrendum</span> <span class='ocrx_word' id='word_1_37' title='bbox 665 868 917 936; x_wconf 89' lang='lat' dir='ltr'>stridens,</span> <span class='ocrx_word' id='word_1_38' title='bbox 945 868 1286 936; x_wconf 85' lang='lat' dir='ltr'>flammisque</span> <span class='ocrx_word' id='word_1_39' title='bbox 1313 873 1527 921; x_wconf 89' lang='lat' dir='ltr'>armata</span> <span class='ocrx_word' id='word_1_40' title='bbox 1552 867 1858 934; x_wconf 77' lang='lat' dir='ltr'>Chimaera,</span> 
     </span>
     <span class='ocr_line' id='line_1_8' title="bbox 286 955 1896 1024; baseline 0 -16"><span class='ocrx_word' id='word_1_41' title='bbox 286 955 586 1023; x_wconf 67' lang='lat' dir='ltr'>Gorgones</span> <span class='ocrx_word' id='word_1_42' title='bbox 599 955 987 1024; x_wconf 79' lang='lat' dir='ltr'>Harpyiaeque</span> <span class='ocrx_word' id='word_1_43' title='bbox 1013 959 1070 1009; x_wconf 87' lang='lat' dir='ltr'>et</span> <span class='ocrx_word' id='word_1_44' title='bbox 1094 957 1276 1010; x_wconf 84' lang='lat' dir='ltr'>forma</span> <span class='ocrx_word' id='word_1_45' title='bbox 1304 956 1627 1023; x_wconf 80' lang='lat' dir='ltr'><strong>tricorporis</strong></span> <span class='ocrx_word' id='word_1_46' title='bbox 1651 956 1896 1008; x_wconf 77' lang='lat' dir='ltr'>umbrae.</span> 
     </span>
     <span class='ocr_line' id='line_1_9' title="bbox 287 1043 2320 1111; baseline 0 -16"><span class='ocrx_word' id='word_1_47' title='bbox 287 1043 531 1111; x_wconf 83' lang='lat' dir='ltr'><strong>Corripit</strong></span> <span class='ocrx_word' id='word_1_48' title='bbox 554 1043 645 1096; x_wconf 91' lang='lat' dir='ltr'>hic</span> <span class='ocrx_word' id='word_1_49' title='bbox 670 1043 854 1097; x_wconf 84' lang='lat' dir='ltr'>subita</span> <span class='ocrx_word' id='word_1_50' title='bbox 878 1043 1128 1111; x_wconf 89' lang='lat' dir='ltr'>trepidus</span> <span class='ocrx_word' id='word_1_51' title='bbox 1152 1043 1453 1096; x_wconf 84' lang='lat' dir='ltr'>formidine</span> <span class='ocrx_word' id='word_1_52' title='bbox 1479 1045 1691 1096; x_wconf 85' lang='lat' dir='ltr'>ferrum</span> <span class='ocrx_word' id='word_1_53' title='bbox 2216 1045 2320 1095; x_wconf 84' lang='lat'>290</span> 
     </span>
     <span class='ocr_line' id='line_1_10' title="bbox 287 1129 1712 1198; baseline 0.001 -16"><span class='ocrx_word' id='word_1_54' title='bbox 287 1130 520 1196; x_wconf 81' lang='lat' dir='ltr'>Aeneae,</span> <span class='ocrx_word' id='word_1_55' title='bbox 549 1129 906 1198; x_wconf 80' lang='lat' dir='ltr'>strictamque</span> <span class='ocrx_word' id='word_1_56' title='bbox 929 1132 1105 1183; x_wconf 84' lang='lat' dir='ltr'>aciem</span> <span class='ocrx_word' id='word_1_57' title='bbox 1132 1131 1485 1183; x_wconf 80' lang='lat' dir='ltr'>venientibus</span> <span class='ocrx_word' id='word_1_58' title='bbox 1511 1131 1712 1195; x_wconf 82' lang='lat' dir='ltr'>offert3</span> 
     </span>
     <span class='ocr_line' id='line_1_11' title="bbox 287 1215 1636 1285; baseline 0.001 -16"><span class='ocrx_word' id='word_1_59' title='bbox 287 1215 371 1284; x_wconf 89' lang='lat' dir='ltr'>Et,</span> <span class='ocrx_word' id='word_1_60' title='bbox 397 1217 459 1269; x_wconf 93' lang='lat' dir='ltr'>ni</span> <span class='ocrx_word' id='word_1_61' title='bbox 484 1217 649 1270; x_wconf 87' lang='lat' dir='ltr'>docta</span> <span class='ocrx_word' id='word_1_62' title='bbox 672 1233 857 1270; x_wconf 88' lang='lat' dir='ltr'>comes</span> <span class='ocrx_word' id='word_1_63' title='bbox 879 1218 1063 1270; x_wconf 87' lang='lat' dir='ltr'>tenuis</span> <span class='ocrx_word' id='word_1_64' title='bbox 1089 1218 1206 1270; x_wconf 93' lang='lat' dir='ltr'>sine</span> <span class='ocrx_word' id='word_1_65' title='bbox 1233 1234 1465 1285; x_wconf 89' lang='lat' dir='ltr'>corpore</span> <span class='ocrx_word' id='word_1_66' title='bbox 1494 1218 1636 1270; x_wconf 89' lang='lat' dir='ltr'>vitas</span> 
     </span>
     <span class='ocr_line' id='line_1_12' title="bbox 290 1303 1662 1373; baseline 0.002 -18"><span class='ocrx_word' id='word_1_67' title='bbox 290 1303 601 1357; x_wconf 83' lang='lat' dir='ltr'>Admoneat</span> <span class='ocrx_word' id='word_1_68' title='bbox 625 1303 856 1358; x_wconf 85' lang='lat' dir='ltr'>volitare</span> <span class='ocrx_word' id='word_1_69' title='bbox 880 1321 1016 1358; x_wconf 82' lang='lat' dir='ltr'>cava</span> <span class='ocrx_word' id='word_1_70' title='bbox 1041 1306 1142 1358; x_wconf 86' lang='lat' dir='ltr'>sub</span> <span class='ocrx_word' id='word_1_71' title='bbox 1168 1306 1408 1373; x_wconf 87' lang='lat' dir='ltr'>imagine</span> <span class='ocrx_word' id='word_1_72' title='bbox 1434 1306 1662 1373; x_wconf 86' lang='lat' dir='ltr'>formae,</span> 
     </span>
     <span class='ocr_line' id='line_1_13' title="bbox 286 1390 1593 1458; baseline 0.003 -15"><span class='ocrx_word' id='word_1_73' title='bbox 286 1390 493 1458; x_wconf 89' lang='lat' dir='ltr'>Inruat,</span> <span class='ocrx_word' id='word_1_74' title='bbox 522 1396 579 1445; x_wconf 89' lang='lat' dir='ltr'>et</span> <span class='ocrx_word' id='word_1_75' title='bbox 605 1391 807 1446; x_wconf 85' lang='lat' dir='ltr'>frustra</span> <span class='ocrx_word' id='word_1_76' title='bbox 831 1392 981 1446; x_wconf 90' lang='lat' dir='ltr'>ferro</span> <span class='ocrx_word' id='word_1_77' title='bbox 1007 1393 1323 1446; x_wconf 85' lang='lat' dir='ltr'>diverberet</span> <span class='ocrx_word' id='word_1_78' title='bbox 1352 1394 1593 1447; x_wconf 87' lang='lat' dir='ltr'>umbras.</span> 
     </span>
     <span class='ocr_line' id='line_1_14' title="bbox 354 1477 2320 1549; baseline 0 -18"><span class='ocrx_word' id='word_1_79' title='bbox 354 1479 503 1532; x_wconf 87' lang='lat' dir='ltr'>Hinc</span> <span class='ocrx_word' id='word_1_80' title='bbox 528 1479 635 1546; x_wconf 86' lang='lat' dir='ltr'>via,</span> <span class='ocrx_word' id='word_1_81' title='bbox 664 1477 910 1534; x_wconf 86' lang='lat' dir='ltr'>Tartarei</span> <span class='ocrx_word' id='word_1_82' title='bbox 938 1497 1076 1549; x_wconf 88' lang='lat' dir='ltr'>quae</span> <span class='ocrx_word' id='word_1_83' title='bbox 1102 1481 1217 1534; x_wconf 82' lang='lat' dir='ltr'>fert</span> <span class='ocrx_word' id='word_1_84' title='bbox 1246 1481 1583 1534; x_wconf 84' lang='lat' dir='ltr'>Acherontis</span> <span class='ocrx_word' id='word_1_85' title='bbox 1608 1480 1676 1534; x_wconf 91' lang='lat' dir='ltr'>ad</span> <span class='ocrx_word' id='word_1_86' title='bbox 1703 1480 1895 1534; x_wconf 85' lang='lat' dir='ltr'>undas.</span> <span class='ocrx_word' id='word_1_87' title='bbox 2217 1480 2320 1531; x_wconf 83' lang='lat'>295</span> 
     </span>
     <span class='ocr_line' id='line_1_15' title="bbox 285 1566 1675 1636; baseline 0.001 -18"><span class='ocrx_word' id='word_1_88' title='bbox 285 1566 559 1620; x_wconf 86' lang='lat' dir='ltr'>Turbidus</span> <span class='ocrx_word' id='word_1_89' title='bbox 583 1566 675 1619; x_wconf 91' lang='lat' dir='ltr'>hic</span> <span class='ocrx_word' id='word_1_90' title='bbox 698 1583 869 1620; x_wconf 90' lang='lat' dir='ltr'>caeno</span> <span class='ocrx_word' id='word_1_91' title='bbox 893 1574 1158 1636; x_wconf 86' lang='lat' dir='ltr'>vastaque</span> <span class='ocrx_word' id='word_1_92' title='bbox 1184 1569 1448 1636; x_wconf 79' lang='lat' dir='ltr'>voragine</span> <span class='ocrx_word' id='word_1_93' title='bbox 1476 1584 1675 1634; x_wconf 87' lang='lat' dir='ltr'>gurges</span> 
     </span>
     <span class='ocr_line' id='line_1_16' title="bbox 197 1654 1744 1721; baseline 0.001 -15"><span class='ocrx_word' id='word_1_94' title='bbox 197 1695 202 1699; x_wconf 88' lang='lat'>.</span> <span class='ocrx_word' id='word_1_95' title='bbox 287 1654 524 1707; x_wconf 88' lang='lat' dir='ltr'>Aestuat</span> <span class='ocrx_word' id='word_1_96' title='bbox 547 1659 713 1721; x_wconf 88' lang='lat' dir='ltr'>atque</span> <span class='ocrx_word' id='word_1_97' title='bbox 737 1670 956 1707; x_wconf 90' lang='lat' dir='ltr'>omnem</span> <span class='ocrx_word' id='word_1_98' title='bbox 984 1654 1196 1721; x_wconf 83' lang='lat' dir='ltr'>Cocyto</span> <span class='ocrx_word' id='word_1_99' title='bbox 1223 1660 1437 1708; x_wconf 89' lang='lat' dir='ltr'>eructat</span> <span class='ocrx_word' id='word_1_100' title='bbox 1460 1655 1744 1707; x_wconf 88' lang='lat' dir='ltr'>harenam.</span> 
     </span>
     <span class='ocr_line' id='line_1_17' title="bbox 284 1739 1734 1809; baseline -0.001 -16"><span class='ocrx_word' id='word_1_101' title='bbox 284 1739 533 1793; x_wconf 86' lang='lat' dir='ltr'>Portitor</span> <span class='ocrx_word' id='word_1_102' title='bbox 557 1739 657 1793; x_wconf 88' lang='lat' dir='ltr'>has</span> <span class='ocrx_word' id='word_1_103' title='bbox 681 1740 991 1794; x_wconf 89' lang='lat' dir='ltr'>horrendus</span> <span class='ocrx_word' id='word_1_104' title='bbox 1017 1758 1185 1809; x_wconf 89' lang='lat' dir='ltr'>aquas</span> <span class='ocrx_word' id='word_1_105' title='bbox 1212 1747 1268 1795; x_wconf 89' lang='lat' dir='ltr'>et</span> <span class='ocrx_word' id='word_1_106' title='bbox 1290 1741 1523 1794; x_wconf 91' lang='lat' dir='ltr'>fiumina</span> <span class='ocrx_word' id='word_1_107' title='bbox 1548 1746 1734 1793; x_wconf 85' lang='lat' dir='ltr'>servat</span> 
     </span>
     <span class='ocr_line' id='line_1_18' title="bbox 286 1827 1689 1896; baseline -0.001 -16"><span class='ocrx_word' id='word_1_108' title='bbox 286 1827 539 1881; x_wconf 88' lang='lat' dir='ltr'>Terribili</span> <span class='ocrx_word' id='word_1_109' title='bbox 563 1827 817 1896; x_wconf 84' lang='lat' dir='ltr'>squalore</span> <span class='ocrx_word' id='word_1_110' title='bbox 843 1828 1081 1895; x_wconf 84' lang='lat' dir='ltr'>Charon,</span> <span class='ocrx_word' id='word_1_111' title='bbox 1115 1829 1201 1882; x_wconf 89' lang='lat' dir='ltr'>cui</span> <span class='ocrx_word' id='word_1_112' title='bbox 1226 1829 1464 1896; x_wconf 87' lang='lat' dir='ltr'>plurima</span> <span class='ocrx_word' id='word_1_113' title='bbox 1496 1833 1689 1880; x_wconf 88' lang='lat' dir='ltr'>mento</span> 
     </span>
     <span class='ocr_line' id='line_1_19' title="bbox 286 1914 2320 1984; baseline -0.001 -16"><span class='ocrx_word' id='word_1_114' title='bbox 286 1914 529 1969; x_wconf 85' lang='lat' dir='ltr'>Canities</span> <span class='ocrx_word' id='word_1_115' title='bbox 551 1914 762 1969; x_wconf 89' lang='lat' dir='ltr'>inculta</span> <span class='ocrx_word' id='word_1_116' title='bbox 780 1915 941 1984; x_wconf 87' lang='lat' dir='ltr'>iacet,</span> <span class='ocrx_word' id='word_1_117' title='bbox 971 1921 1119 1969; x_wconf 89' lang='lat' dir='ltr'>stant</span> <span class='ocrx_word' id='word_1_118' title='bbox 1144 1916 1353 1968; x_wconf 88' lang='lat' dir='ltr'>lumina</span> <span class='ocrx_word' id='word_1_119' title='bbox 1379 1914 1613 1981; x_wconf 88' lang='lat' dir='ltr'>flamma,</span> <span class='ocrx_word' id='word_1_120' title='bbox 2217 1915 2320 1965; x_wconf 87' lang='grc'>300</span> 
     </span>
     <span class='ocr_line' id='line_1_20' title="bbox 285 2002 1625 2070; baseline -0.001 -15"><span class='ocrx_word' id='word_1_121' title='bbox 285 2002 551 2055; x_wconf 88' lang='lat' dir='ltr'>Sordidus</span> <span class='ocrx_word' id='word_1_122' title='bbox 575 2018 645 2055; x_wconf 84' lang='lat' dir='ltr'>ex</span> <span class='ocrx_word' id='word_1_123' title='bbox 669 2003 874 2055; x_wconf 89' lang='lat' dir='ltr'>umeris</span> <span class='ocrx_word' id='word_1_124' title='bbox 899 2003 1045 2056; x_wconf 92' lang='lat' dir='ltr'>nodo</span> <span class='ocrx_word' id='word_1_125' title='bbox 1073 2002 1347 2070; x_wconf 71' lang='lat' dir='ltr'>dependet</span> <span class='ocrx_word' id='word_1_126' title='bbox 1377 2003 1625 2055; x_wconf 61' lang='lat' dir='ltr'>amictus</span> 
     </span>
     <span class='ocr_line' id='line_1_21' title="bbox 284 2087 1640 2158; baseline -0.001 -17"><span class='ocrx_word' id='word_1_127' title='bbox 284 2087 407 2157; x_wconf 87' lang='lat' dir='ltr'>Ipse</span> <span class='ocrx_word' id='word_1_128' title='bbox 431 2095 610 2142; x_wconf 89' lang='lat' dir='ltr'>ratem</span> <span class='ocrx_word' id='word_1_129' title='bbox 636 2092 801 2142; x_wconf 91' lang='lat' dir='ltr'>conto</span> <span class='ocrx_word' id='word_1_130' title='bbox 827 2089 1045 2157; x_wconf 87' lang='lat' dir='ltr'>subigit,</span> <span class='ocrx_word' id='word_1_131' title='bbox 1077 2090 1320 2158; x_wconf 86' lang='lat' dir='ltr'>velisque</span> <span class='ocrx_word' id='word_1_132' title='bbox 1346 2089 1640 2156; x_wconf 84' lang='lat' dir='ltr'>ministrat,</span> 
     </span>
     <span class='ocr_line' id='line_1_22' title="bbox 284 2175 1497 2245; baseline -0.001 -16"><span class='ocrx_word' id='word_1_133' title='bbox 284 2175 356 2229; x_wconf 90' lang='lat' dir='ltr'>Et</span> <span class='ocrx_word' id='word_1_134' title='bbox 378 2175 695 2243; x_wconf 86' lang='lat' dir='ltr'>ferruginea</span> <span class='ocrx_word' id='word_1_135' title='bbox 718 2175 1005 2230; x_wconf 87' lang='lat' dir='ltr'>subvectat</span> <span class='ocrx_word' id='word_1_136' title='bbox 1030 2193 1259 2245; x_wconf 86' lang='lat' dir='ltr'>corpora</span> <span class='ocrx_word' id='word_1_137' title='bbox 1284 2177 1497 2243; x_wconf 85' lang='lat' dir='ltr'>cymba,</span> 
     </span>
     <span class='ocr_line' id='line_1_23' title="bbox 283 2262 1893 2352; baseline 0.001 -37"><span class='ocrx_word' id='word_1_138' title='bbox 283 2262 400 2316; x_wconf 85' lang='lat' dir='ltr'>Iam</span> <span class='ocrx_word' id='word_1_139' title='bbox 416 2262 630 2331; x_wconf 84' lang='lat' dir='ltr'>senior3</span> <span class='ocrx_word' id='word_1_140' title='bbox 667 2263 764 2317; x_wconf 91' lang='lat' dir='ltr'>sed</span> <span class='ocrx_word' id='word_1_141' title='bbox 776 2263 945 2318; x_wconf 88' lang='lat' dir='ltr'>cruda</span> <span class='ocrx_word' id='word_1_142' title='bbox 970 2264 1074 2317; x_wconf 89' lang='lat' dir='ltr'>deo</span> <span class='ocrx_word' id='word_1_143' title='bbox 1099 2263 1400 2331; x_wconf 84' lang='lat' dir='ltr'>viridisque</span> <span class='ocrx_word' id='word_1_144' title='bbox 1425 2269 1694 2317; x_wconf 88' lang='lat' dir='ltr'>senectus.</span> <span class='ocrx_word' id='word_1_145' title='bbox 1837 2289 1893 2352; x_wconf 54' lang='lat' dir='ltr'><em>s</em></span> 
     </span>
     <span class='ocr_line' id='line_1_24' title="bbox 284 2348 2346 2417; baseline 0 -17"><span class='ocrx_word' id='word_1_146' title='bbox 284 2348 405 2402; x_wconf 90' lang='lat' dir='ltr'>Huc</span> <span class='ocrx_word' id='word_1_147' title='bbox 431 2348 614 2401; x_wconf 88' lang='lat' dir='ltr'>omnis</span> <span class='ocrx_word' id='word_1_148' title='bbox 638 2349 805 2402; x_wconf 88' lang='lat' dir='ltr'>turba</span> <span class='ocrx_word' id='word_1_149' title='bbox 828 2348 897 2403; x_wconf 90' lang='lat' dir='ltr'>ad</span> <span class='ocrx_word' id='word_1_150' title='bbox 922 2349 1069 2417; x_wconf 88' lang='lat' dir='ltr'>ripas</span> <span class='ocrx_word' id='word_1_151' title='bbox 1095 2349 1271 2402; x_wconf 85' lang='lat' dir='ltr'>effusa</span> <span class='ocrx_word' id='word_1_152' title='bbox 1295 2350 1505 2414; x_wconf 89' lang='lat' dir='ltr'>ruebat,</span> <span class='ocrx_word' id='word_1_153' title='bbox 2215 2350 2316 2401; x_wconf 84' lang='lat'>305</span> <span class='ocrx_word' id='word_1_154' title='bbox 2339 2377 2346 2386; x_wconf 83' lang='lat'><strong>·</strong></span> 
     </span>
     <span class='ocr_line' id='line_1_25' title="bbox 283 2434 1633 2504; baseline 0.001 -16"><span class='ocrx_word' id='word_1_155' title='bbox 283 2434 490 2489; x_wconf 88' lang='lat' dir='ltr'>Matres</span> <span class='ocrx_word' id='word_1_156' title='bbox 514 2439 681 2503; x_wconf 91' lang='lat' dir='ltr'>atque</span> <span class='ocrx_word' id='word_1_157' title='bbox 705 2435 829 2502; x_wconf 81' lang='lat' dir='ltr'>viri,</span> <span class='ocrx_word' id='word_1_158' title='bbox 861 2436 1225 2504; x_wconf 85' lang='lat' dir='ltr'>defunctaque</span> <span class='ocrx_word' id='word_1_159' title='bbox 1254 2452 1492 2503; x_wconf 88' lang='lat' dir='ltr'>corpora</span> <span class='ocrx_word' id='word_1_160' title='bbox 1518 2437 1633 2489; x_wconf 88' lang='lat' dir='ltr'>vita</span> 
     </span>
     <span class='ocr_line' id='line_1_26' title="bbox 283 2496 1806 2591; baseline 0.001 -17"><span class='ocrx_word' id='word_1_161' title='bbox 283 2520 696 2591; x_wconf 86' lang='lat' dir='ltr'>Magnanimum</span> <span class='ocrx_word' id='word_1_162' title='bbox 721 2522 969 2591; x_wconf 90' lang='lat' dir='ltr'>heroum,</span> <span class='ocrx_word' id='word_1_163' title='bbox 999 2525 1155 2591; x_wconf 91' lang='lat' dir='ltr'>pueri</span> <span class='ocrx_word' id='word_1_164' title='bbox 1178 2523 1553 2591; x_wconf 86' lang='lat' dir='ltr'>innuptaeque</span> <span class='ocrx_word' id='word_1_165' title='bbox 1577 2496 1806 2590; x_wconf 83' lang='lat' dir='ltr'>puellae,</span> 
     </span>
     <span class='ocr_line' id='line_1_27' title="bbox 283 2608 1762 2678; baseline -0.001 -17"><span class='ocrx_word' id='word_1_166' title='bbox 283 2608 640 2678; x_wconf 88' lang='lat' dir='ltr'>Impositique</span> <span class='ocrx_word' id='word_1_167' title='bbox 667 2611 814 2678; x_wconf 88' lang='lat' dir='ltr'>rogis</span> <span class='ocrx_word' id='word_1_168' title='bbox 836 2610 1065 2663; x_wconf 86' lang='lat' dir='ltr'>invenes</span> <span class='ocrx_word' id='word_1_169' title='bbox 1090 2616 1218 2663; x_wconf 88' lang='lat' dir='ltr'>ante</span> <span class='ocrx_word' id='word_1_170' title='bbox 1245 2626 1341 2663; x_wconf 86' lang='lat' dir='ltr'>ora</span> <span class='ocrx_word' id='word_1_171' title='bbox 1371 2615 1692 2676; x_wconf 87' lang='lat' dir='ltr'>parentum:</span> <span class='ocrx_word' id='word_1_172' title='bbox 1756 2645 1762 2650; x_wconf 80' lang='lat'><strong>·</strong></span> 
     </span>
     <span class='ocr_line' id='line_1_28' title="bbox 285 2696 1637 2764; baseline -0.001 -14"><span class='ocrx_word' id='word_1_173' title='bbox 285 2697 456 2761; x_wconf 83' lang='lat' dir='ltr'>Quam</span> <span class='ocrx_word' id='word_1_174' title='bbox 483 2697 701 2751; x_wconf 88' lang='lat' dir='ltr'>multa</span> <span class='ocrx_word' id='word_1_175' title='bbox 685 2714 745 2750; x_wconf 81' lang='lat' dir='ltr'>in</span> <span class='ocrx_word' id='word_1_176' title='bbox 771 2697 921 2751; x_wconf 88' lang='lat' dir='ltr'>silvis</span> <span class='ocrx_word' id='word_1_177' title='bbox 947 2699 1196 2751; x_wconf 89' lang='lat' dir='ltr'>autumni</span> <span class='ocrx_word' id='word_1_178' title='bbox 1223 2698 1433 2764; x_wconf 87' lang='lat' dir='ltr'>frigore</span> <span class='ocrx_word' id='word_1_179' title='bbox 1457 2696 1637 2763; x_wconf 83' lang='lat' dir='ltr'>primo</span> 
     </span>
     <span class='ocr_line' id='line_1_29' title="bbox 282 2782 2318 2853; baseline -0.001 -14"><span class='ocrx_word' id='word_1_180' title='bbox 282 2782 454 2853; x_wconf 84' lang='lat' dir='ltr'>Lapsa</span> <span class='ocrx_word' id='word_1_181' title='bbox 480 2784 689 2839; x_wconf 87' lang='lat' dir='ltr'>cadunt</span> <span class='ocrx_word' id='word_1_182' title='bbox 713 2784 861 2852; x_wconf 87' lang='lat' dir='ltr'>folia,</span> <span class='ocrx_word' id='word_1_183' title='bbox 891 2789 988 2838; x_wconf 87' lang='lat' dir='ltr'>aut</span> <span class='ocrx_word' id='word_1_184' title='bbox 1012 2784 1079 2838; x_wconf 85' lang='lat' dir='ltr'>ad</span> <span class='ocrx_word' id='word_1_185' title='bbox 1106 2790 1309 2838; x_wconf 88' lang='lat' dir='ltr'>terram</span> <span class='ocrx_word' id='word_1_186' title='bbox 1338 2783 1555 2851; x_wconf 82' lang='lat' dir='ltr'>gurgite</span> <span class='ocrx_word' id='word_1_187' title='bbox 1582 2784 1650 2836; x_wconf 93' lang='lat' dir='ltr'>ab</span> <span class='ocrx_word' id='word_1_188' title='bbox 1676 2782 1789 2836; x_wconf 86' lang='lat' dir='ltr'>alto</span> <span class='ocrx_word' id='word_1_189' title='bbox 1863 2825 1870 2831; x_wconf 90' lang='lat'>.</span> <span class='ocrx_word' id='word_1_190' title='bbox 2214 2785 2318 2836; x_wconf 86' lang='lat'>310</span> 
     </span>
     <span class='ocr_line' id='line_1_30' title="bbox 286 2870 1862 2940; baseline -0.001 -15"><span class='ocrx_word' id='word_1_191' title='bbox 286 2871 458 2935; x_wconf 81' lang='lat' dir='ltr'>Quam</span> <span class='ocrx_word' id='word_1_192' title='bbox 484 2871 695 2925; x_wconf 89' lang='lat' dir='ltr'>multae</span> <span class='ocrx_word' id='word_1_193' title='bbox 720 2871 1100 2940; x_wconf 86' lang='lat' dir='ltr'>glomerantur</span> <span class='ocrx_word' id='word_1_194' title='bbox 1124 2888 1267 2938; x_wconf 73' lang='lat' dir='ltr'>aveS‚</span> <span class='ocrx_word' id='word_1_195' title='bbox 1299 2871 1395 2924; x_wconf 90' lang='lat' dir='ltr'>ubi</span> <span class='ocrx_word' id='word_1_196' title='bbox 1424 2870 1659 2937; x_wconf 79' lang='lat' dir='ltr'>frigidus</span> <span class='ocrx_word' id='word_1_197' title='bbox 1685 2886 1862 2923; x_wconf 86' lang='lat' dir='ltr'>annus</span> 
     </span>
     <span class='ocr_line' id='line_1_31' title="bbox 283 2956 1686 3028; baseline 0.001 -19"><span class='ocrx_word' id='word_1_198' title='bbox 283 2956 453 3013; x_wconf 84' lang='lat' dir='ltr'>Trans</span> <span class='ocrx_word' id='word_1_199' title='bbox 479 2964 714 3028; x_wconf 89' lang='lat' dir='ltr'>pontum</span> <span class='ocrx_word' id='word_1_200' title='bbox 735 2959 897 3026; x_wconf 81' lang='lat' dir='ltr'>fugat</span> <span class='ocrx_word' id='word_1_201' title='bbox 922 2963 977 3011; x_wconf 91' lang='lat' dir='ltr'>et</span> <span class='ocrx_word' id='word_1_202' title='bbox 1001 2959 1164 3010; x_wconf 86' lang='lat' dir='ltr'>terris</span> <span class='ocrx_word' id='word_1_203' title='bbox 1188 2957 1443 3010; x_wconf 85' lang='lat' dir='ltr'>immittit</span> <span class='ocrx_word' id='word_1_204' title='bbox 1468 2956 1686 3024; x_wconf 88' lang='lat' dir='ltr'>apricis.</span> 
     </span>
     <span class='ocr_line' id='line_1_32' title="bbox 284 3044 1624 3113; baseline -0.001 -16"><span class='ocrx_word' id='word_1_205' title='bbox 284 3044 517 3100; x_wconf 88' lang='lat' dir='ltr'>Stabant</span> <span class='ocrx_word' id='word_1_206' title='bbox 541 3049 767 3100; x_wconf 86' lang='lat' dir='ltr'>orantes</span> <span class='ocrx_word' id='word_1_207' title='bbox 793 3044 957 3113; x_wconf 88' lang='lat' dir='ltr'>primi</span> <span class='ocrx_word' id='word_1_208' title='bbox 981 3044 1360 3098; x_wconf 85' lang='lat' dir='ltr'>transmittere</span> <span class='ocrx_word' id='word_1_209' title='bbox 1388 3061 1624 3110; x_wconf 87' lang='lat' dir='ltr'>cursum,</span> 
     </span>
     <span class='ocr_line' id='line_1_33' title="bbox 283 3130 1656 3201; baseline 0.001 -18"><span class='ocrx_word' id='word_1_210' title='bbox 283 3130 714 3201; x_wconf 88' lang='lat' dir='ltr'>Tendebantque</span> <span class='ocrx_word' id='word_1_211' title='bbox 740 3148 939 3186; x_wconf 87' lang='lat' dir='ltr'>manus</span> <span class='ocrx_word' id='word_1_212' title='bbox 962 3132 1117 3199; x_wconf 89' lang='lat' dir='ltr'>ripae</span> <span class='ocrx_word' id='word_1_213' title='bbox 1144 3130 1424 3184; x_wconf 86' lang='lat' dir='ltr'>ulterioris</span> <span class='ocrx_word' id='word_1_214' title='bbox 1453 3147 1656 3185; x_wconf 88' lang='lat' dir='ltr'>amore.</span> 
     </span>
     <span class='ocr_line' id='line_1_34' title="bbox 281 3216 2315 3286; baseline -0.001 -15"><span class='ocrx_word' id='word_1_215' title='bbox 281 3216 483 3274; x_wconf 83' lang='lat' dir='ltr'>Navita</span> <span class='ocrx_word' id='word_1_216' title='bbox 507 3220 606 3273; x_wconf 90' lang='lat' dir='ltr'>sed</span> <span class='ocrx_word' id='word_1_217' title='bbox 632 3219 808 3273; x_wconf 88' lang='lat' dir='ltr'>tristis</span> <span class='ocrx_word' id='word_1_218' title='bbox 833 3234 979 3271; x_wconf 90' lang='lat' dir='ltr'>nunc</span> <span class='ocrx_word' id='word_1_219' title='bbox 1002 3217 1106 3271; x_wconf 90' lang='lat' dir='ltr'>hos</span> <span class='ocrx_word' id='word_1_220' title='bbox 1125 3234 1271 3270; x_wconf 91' lang='lat' dir='ltr'>nunc</span> <span class='ocrx_word' id='word_1_221' title='bbox 1298 3218 1498 3285; x_wconf 86' lang='lat' dir='ltr'>accipit</span> <span class='ocrx_word' id='word_1_222' title='bbox 1521 3218 1662 3286; x_wconf 77' lang='lat' dir='ltr'>illos,</span> <span class='ocrx_word' id='word_1_223' title='bbox 2213 3218 2315 3269; x_wconf 80' lang='lat'>315</span> 
     </span>
     <span class='ocr_line' id='line_1_35' title="bbox 280 3304 1472 3374; baseline -0.001 -16"><span class='ocrx_word' id='word_1_224' title='bbox 280 3304 385 3362; x_wconf 74' lang='lat' dir='ltr'>Ast</span> <span class='ocrx_word' id='word_1_225' title='bbox 407 3306 548 3362; x_wconf 82' lang='lat' dir='ltr'>alios</span> <span class='ocrx_word' id='word_1_226' title='bbox 571 3305 737 3374; x_wconf 90' lang='lat' dir='ltr'>longe</span> <span class='ocrx_word' id='word_1_227' title='bbox 764 3305 1049 3358; x_wconf 88' lang='lat' dir='ltr'>submotos</span> <span class='ocrx_word' id='word_1_228' title='bbox 1073 3310 1222 3358; x_wconf 88' lang='lat' dir='ltr'>arcet</span> <span class='ocrx_word' id='word_1_229' title='bbox 1247 3304 1472 3358; x_wconf 88' lang='lat' dir='ltr'>harena.</span> 
     </span>
     <span class='ocr_line' id='line_1_36' title="bbox 277 3390 1813 3460; baseline -0.003 -14"><span class='ocrx_word' id='word_1_230' title='bbox 277 3391 808 3450; x_wconf 66' lang='lat' dir='ltr'>Aelim—miratus</span> <span class='ocrx_word' id='word_1_231' title='bbox 834 3390 980 3444; x_wconf 89' lang='lat' dir='ltr'>enim</span> <span class='ocrx_word' id='word_1_232' title='bbox 1004 3398 1294 3460; x_wconf 87' lang='lat' dir='ltr'>motusque</span> <span class='ocrx_word' id='word_1_233' title='bbox 1321 3390 1632 3443; x_wconf 81' lang='lat' dir='ltr'>tumultu—</span> <span class='ocrx_word' id='word_1_234' title='bbox 1810 3445 1813 3448; x_wconf 74' lang='grc'><strong>,</strong></span> 
     </span>
     <span class='ocr_line' id='line_1_37' title="bbox 277 3475 1941 3547; baseline -0.001 -13"><span class='ocrx_word' id='word_1_235' title='bbox 277 3475 488 3538; x_wconf 57' lang='lat' dir='ltr'>Q„</span> <span class='ocrx_word' id='word_1_236' title='bbox 513 3479 608 3547; x_wconf 85' lang='lat' dir='ltr'>ait,</span> <span class='ocrx_word' id='word_1_237' title='bbox 641 3480 674 3509; x_wconf 81' lang='lat'>‘⁴</span> <span class='ocrx_word' id='word_1_238' title='bbox 696 3496 731 3532; x_wconf 92' lang='lat' dir='ltr'><strong>o</strong></span> <span class='ocrx_word' id='word_1_239' title='bbox 756 3478 932 3545; x_wconf 87' lang='lat' dir='ltr'>virg0‚</span> <span class='ocrx_word' id='word_1_240' title='bbox 963 3478 1091 3546; x_wconf 86' lang='lat' dir='ltr'>quid</span> <span class='ocrx_word' id='word_1_241' title='bbox 1120 3478 1239 3531; x_wconf 85' lang='lat' dir='ltr'>volt</span> <span class='ocrx_word' id='word_1_242' title='bbox 1264 3495 1562 3531; x_wconf 86' lang='lat' dir='ltr'>concursus</span> <span class='ocrx_word' id='word_1_243' title='bbox 1589 3476 1658 3530; x_wconf 86' lang='lat' dir='ltr'>ad</span> <span class='ocrx_word' id='word_1_244' title='bbox 1685 3477 1941 3532; x_wconf 74' lang='lat' dir='ltr'>amnem?</span> 
     </span>
    </p>
   </div>
   <div class='ocr_carea' id='block_1_3' title="bbox 263 3559 1791 3638">
    <p class='ocr_par' dir='ltr' id='par_1_3' title="bbox 263 3559 1791 3638">
     <span class='ocr_line' id='line_1_38' title="bbox 263 3559 1791 3638; baseline -0.005 -14"><span class='ocrx_word' id='word_1_245' title='bbox 263 3559 496 3638; x_wconf 53' lang='lat' dir='ltr'>m</span> <span class='ocrx_word' id='word_1_246' title='bbox 517 3569 722 3638; x_wconf 80' lang='lat' dir='ltr'>petunt</span> <span class='ocrx_word' id='word_1_247' title='bbox 747 3563 1001 3619; x_wconf 74' lang='lat' dir='ltr'>animae?</span> <span class='ocrx_word' id='word_1_248' title='bbox 1040 3564 1126 3617; x_wconf 86' lang='lat' dir='ltr'>vel</span> <span class='ocrx_word' id='word_1_249' title='bbox 1156 3581 1262 3633; x_wconf 92' lang='lat' dir='ltr'>quo</span> <span class='ocrx_word' id='word_1_250' title='bbox 1289 3564 1613 3616; x_wconf 85' lang='lat' dir='ltr'>discrimine</span> <span class='ocrx_word' id='word_1_251' title='bbox 1640 3562 1791 3630; x_wconf 89' lang='lat' dir='ltr'>ripas</span> 
     </span>
    </p>
   </div>
   <div class='ocr_carea' id='block_1_4' title="bbox 259 3699 388 3772">
    <p class='ocr_par' dir='ltr' id='par_1_4' title="bbox 259 3699 388 3772">
     <span class='ocr_line' id='line_1_39' title="bbox 261 3699 378 3722; baseline 0 -8"><span class='ocrx_word' id='word_1_252' title='bbox 261 3713 272 3722; x_wconf 80' lang='grc'>-</span> <span class='ocrx_word' id='word_1_253' title='bbox 359 3699 378 3714; x_wconf 65' lang='lat' dir='ltr'>fl</span> 
     </span>
     <span class='ocr_line' id='line_1_40' title="bbox 259 3727 388 3772; baseline -0.016 -16"><span class='ocrx_word' id='word_1_254' title='bbox 259 3727 388 3772; x_wconf 76' lang='grc' dir='ltr'><strong>·-ιι“ι</strong></span> 
     </span>
    </p>
   </div>
  </div>
 </body>
</html>
