2725 3917
992 254 1268 305 VERGILI
1312 257 1450 306 AEN
1455 257 1645 308 EIDOS
1688 258 1755 308 11.

359 412 436 467 Et
460 430 564 482 me,
594 430 758 483 quem
782 413 991 467 dudum
1015 430 1129 468 non
1155 415 1266 470 ulla
1290 416 1492 471 iniecta
1515 419 1817 473 movebant

360 500 492 554 Tela
513 516 693 570 neque
714 501 950 555 adverso
974 501 1264 570 glomerati
1290 520 1359 557 ex
1384 505 1603 572 agmine
1629 506 1780 574 Grai,

359 586 524 641 Nunc
550 604 740 641 omnes
765 593 978 642 terrent
1003 605 1183 657 aurae,
1212 607 1381 644 sonus
1406 592 1613 646 excitat
1639 593 1818 662 omnis

361 675 697 743 Suspensum
722 679 778 728 et
803 676 1011 743 pariter
1035 676 1331 745 comitique
1357 678 1622 747 onerique
1646 679 1955 735 timentem.

430 761 656 831 Iamque
681 759 1117 831 propinquabam
1143 764 1335 832 portiS‚
1369 780 1700 833 omnemque
1725 765 1956 820 videbar
2289 770 2393 827 730

358 848 610 903 Evasisse
635 849 797 917 viam,
829 849 1012 903 subito
1037 865 1163 903 cum
1188 851 1383 904 creber
1409 851 1480 904 ad
1507 852 1656 905 auris

361 936 530 992 Visus
554 935 742 989 adesse
766 935 968 1005 pedum
994 936 1221 1005 sonitus,
1250 938 1578 1006 genitorque
1603 955 1703 1007 per
1728 941 1980 994 umbram

359 1023 724 1092 Prospiciens,
758 1022 861 1076 “N
864 1022 1005 1091 ate,’'
1035 1024 1318 1091 exclamat,
1353 1025 1549 1093 “fuge,
1585 1033 1749 1095 nate3
1787 1029 2177 1097 propinquant.

358 1110 625 1164 Ardentis
650 1109 856 1178 clipeos
881 1116 1046 1179 atque
1071 1126 1201 1164 aera
1223 1110 1490 1165 micantia
1514 1114 1739 1167 cerno.”

359 1198 465 1251 Hic
489 1197 624 1250 mihi
648 1196 833 1250 nescio
858 1195 1006 1264 quod
1030 1195 1248 1264 trepido
1274 1196 1418 1250 male
1444 1215 1651 1253 numen
1677 1201 1910 1254 amicum
2286 1203 2388 1261 ’735

361 1285 666 1340 Confusam
689 1283 892 1353 eripuit
914 1288 1175 1337 mentem.
1250 1283 1506 1356 Namque
1531 1288 1655 1341 avia
1678 1302 1841 1341 cursu

358 1374 507 1428 Dum
532 1388 730 1441 sequor
754 1377 811 1424 et
834 1376 969 1425 nota
993 1372 1200 1426 excedo
1225 1374 1453 1442 regione
1476 1375 1709 1444 viarum,

359 1462 482 1515 Heu
502 1461 514 1515 1
556 1459 758 1513 misero
781 1459 1022 1514 coniunx
1046 1461 1239 1515 fatone
1265 1467 1458 1531 erepta
1482 1461 1689 1516 Creusa

359 1547 632 1615 Substitit,
661 1545 938 1601 erravitne
961 1548 1066 1616 via,
1102 1563 1199 1602 seu
1222 1548 1365 1603 lassa
1390 1549 1610 1618 resedit,

358 1635 669 1702 Incertum;
710 1651 812 1688 nec
837 1639 964 1703 post
986 1634 1158 1689 oculis
1183 1640 1267 1689 est
1292 1636 1512 1691 reddita
1536 1639 1773 1705 nostris3
2285 1639 2390 1696 ’740

345 1721 476 1776 Nec
500 1721 654 1791 prius
677 1722 935 1776 amissam
961 1722 1179 1791 respexi
1205 1723 1559 1793 animumque
1584 1724 1790 1795 reflexi,

359 1809 539 1874 Quam
561 1808 836 1862 tumulum
861 1809 1119 1878 antiquae
1145 1809 1363 1863 Cereris
1391 1810 1686 1879 sedemque
1709 1816 1979 1866 sacratam

358 1898 657 1966 Venimus3
698 1897 790 1952 hic
816 1897 1036 1951 demum
1063 1896 1309 1951 collectis
1337 1898 1592 1952 omnibus
1615 1915 1727 1953 una

355 1985 563 2053 Defuit,
593 1989 650 2039 et
674 1985 906 2039 comites
929 1988 1232 2054 natumque
1259 1987 1547 2054 virumque
1573 1985 1788 2040 fefellit.

358 2072 535 2137 Quem
558 2087 672 2125 non
696 2071 953 2124 incusavi·
970 2087 1160 2126 amens
1184 2070 1583 2140 hominumque
1609 2072 1963 2141 deorumque,
2285 2074 2387 2129 745

357 2157 476 2211 Aut
500 2156 632 2226 quid
652 2157 710 2209 in
737 2171 928 2210 eversa
952 2156 1070 2209 vidi
1094 2155 1370 2210 crudelius
1395 2158 1570 2211 urbe?

357 2247 658 2301 Ascanium
682 2246 1075 2315 Anchisenque
1099 2250 1315 2314 patrem
1341 2245 1685 2314 Teucrosque
1710 2246 1935 2300 Penatis

359 2333 699 2388 Commendo
725 2333 885 2387 sociis
912 2337 970 2386 et
995 2349 1164 2387 curva
1191 2332 1331 2386 valle
1358 2331 1632 2400 recond03

356 2420 483 2489 Ipse
506 2421 701 2475 urbem
725 2424 918 2489 repeto
942 2424 999 2474 et
1025 2420 1214 2488 cingor
1241 2419 1581 2487 fulgentibus
1606 2420 1790 2474 armis.

357 2507 480 2563 Stat
503 2525 660 2563 casus
681 2523 950 2562 renovare
974 2507 1169 2575 omnis,
1204 2521 1536 2575 omnemque
1560 2508 1769 2560 reverti
2284 2508 2389 2565 750

355 2595 464 2649 Per
489 2595 723 2664 Troiam,
753 2600 809 2649 et
832 2599 1024 2648 rursus'
1047 2599 1212 2663 caput
1243 2593 1783 2662 obiectarepericlis.

426 2682 709 2751 Principio
733 2698 923 2736 muros
948 2682 1288 2751 obscuraque
1315 2680 1511 2734 limina
1532 2685 1744 2749 portae,

357 2768 482 2834 Qua
504 2785 749 2837 gressum
775 2768 1096 2837 extuleram,
1126 2772 1337 2836 repet0,
1372 2772 1428 2821 et
1452 2767 1687 2835 vestig-ia
1708 2771 1861 2821 retro

357 2855 667 2910 Observata
689 2872 886 2925 sequor
908 2872 1010 2925 per
1034 2860 1257 2909 noctem
1282 2859 1341 2909 et
1365 2854 1573 2908 lumine
1596 2854 1789 2908 lustro.

356 2941 570 2999 Horror
592 2943 797 3013 ubique
822 2943 1049 3010 animos,
1079 2941 1242 2996 simul
1266 2941 1388 3010 ipsa
1413 2941 1633 2996 silentia
1656 2945 1889 2996 terrent.
2285 2939 2388 2998 755

354 3027 492 3083 Inde
516 3029 756 3099 domum,
785 3030 832 3083 si
855 3030 1004 3084 forte
1028 3028 1245 3098 pedem,
1277 3029 1323 3082 si
1350 3028 1494 3082 forte
1519 3027 1752 3096 tulisset,

354 3115 446 3171 Me
470 3117 668 3172 refer0.
742 3115 1039 3171 Inruerant
1061 3115 1257 3184 Danai,
1290 3120 1346 3169 et
1374 3119 1579 3169 tectum
1608 3130 1772 3167 omne
1798 3113 2079 3168 tenebant.

355 3203 516 3259 Ilicet
538 3204 682 3274 ignis
707 3203 848 3258 edax
871 3218 1084 3256 summa
1110 3201 1179 3256 ad
1203 3202 1423 3269 fastigia
1446 3206 1616 3254 vento

355 3290 652 3358 Volvitur3
693 3292 1027 3357 exsuperant
1051 3288 1318 3357 flammae,
1347 3288 1487 3341 furit
1512 3291 1696 3341 aestus
1721 3286 1790 3342 ad
1815 3303 1992 3343 aurae.

354 3377 604 3432 Procedo
629 3382 686 3431 et
709 3374 917 3430 Priami
942 3375 1098 3428 sedes
1123 3391 1415 3443 arcemque
1438 3374 1636 3429 revise.
2109 3359 2116 3366 ⁹
2169 3391 2186 3458 χ
2284 3372 2320 3431 7
2321 3376 2391 3427 60

354 3462 428 3517 Et
451 3464 561 3517 iam
584 3462 890 3531 porticibus
914 3462 1103 3514 vacuis
1126 3460 1352 3514 Iunonis
1379 3459 1531 3528 asylo

357 3549 628 3604 Custodes
649 3548 779 3604 lecti
807 3547 1020 3603 Phenix
1047 3552 1103 3602 et
1129 3546 1280 3601 dirus
1305 3546 1497 3601 Ulixes
