2725 3917
1013 221 1290 273 VERGILI
1332 221 1663 272 AENEIDOS
1704 222 1773 273 IL

379 384 654 453 Raptores
678 386 797 437 atra
814 381 874 435 in
896 380 1110 449 nebula,
1140 397 1276 449 quos
1298 380 1553 450 improba
1574 382 1788 436 ventris

378 470 582 538 Exegit
605 485 795 523 caecos
818 468 1014 536 rabies,
1043 468 1317 536 catulique
1342 468 1523 523 relicti

378 556 650 610 Faucibus
674 559 1000 624 exspectant
1024 555 1197 624 siccis,
1224 571 1324 623 per
1346 554 1474 623 tela,
1501 572 1600 624 per
1624 554 1799 610 hostis

380 643 653 698 Vadimus
673 642 824 697 haud
846 641 1068 696 dubiam
1093 642 1154 696 in
1171 646 1424 711 mortem,
1447 642 1772 712 mediaeque
1795 648 2050 698 tenemus

381 729 547 783 Urbis
570 729 703 797 iter3
744 745 857 782 nox
876 733 996 782 atra
1021 744 1156 786 cava
1178 728 1541 784 circumvolat
1565 730 1776 784 umbra.

382 817 519 883 Quis
544 816 753 870 cladem
777 816 923 869 illius
946 816 1142 886 noctis,
1173 817 1295 885 quis
1316 816 1518 870 funera
1540 816 1709 870 fando

381 904 648 973 Explicet,
679 908 773 957 aut
797 904 974 972 possit
995 903 1237 958 lacrimis
1261 919 1496 972 aequare
1517 903 1771 957 labores?

383 991 528 1045 Urbs
554 991 781 1059 antiqua
803 990 932 1059 ruit,
959 989 1167 1044 multos
1192 989 1477 1044 dominata
1498 1006 1599 1058 per
1624 1006 1831 1059 annos3

382 1077 627 1131 Plurima
647 1093 856 1146 perque
879 1076 999 1132 vias
1021 1080 1343 1131 sternuntur
1365 1076 1567 1130 inertia
1590 1077 1794 1145 passim

384 1165 633 1232 Corpora
655 1180 863 1233 perque
887 1163 1082 1216 domos
1107 1169 1163 1216 et
1185 1162 1450 1230 religiosa
1463 1162 1694 1216 deorum

382 1251 613 1304 Limina.
686 1249 807 1303 Nec
832 1250 935 1302 soli
959 1265 1166 1318 poenas
1189 1248 1325 1303 dant
1340 1250 1608 1317 sanguine
1632 1249 1857 1319 Teucri3

384 1337 673 1403 Quondam
700 1337 868 1389 etiam
893 1336 1053 1389 victis
1076 1334 1220 1390 redit
1243 1336 1302 1389 in
1324 1335 1652 1404 praecordia
1673 1337 1850 1390 virtus

383 1424 750 1492 Victoresque
776 1421 980 1477 cadunt
1001 1422 1200 1482 Danai.
1278 1422 1531 1477 Crudelis
1555 1422 1757 1491 ubique

382 1512 603 1578 Luctus,
632 1510 833 1580 ubique
856 1526 1044 1579 pavor,
1073 1513 1130 1563 et
1152 1500 1389 1578 plurima
1403 1509 1598 1564 mortis
1623 1510 1824 1578 imago.

452 1596 673 1651 Primus
696 1613 755 1652 se
780 1597 1051 1666 Danaum,
1079 1613 1280 1666 magna
1302 1598 1608 1652 comitante
1629 1603 1870 1666 caterva,

383 1684 712 1753 Androgeos
737 1683 900 1737 offert
918 1684 1094 1753 nobis,
1121 1684 1271 1739 socia
1292 1684 1515 1752 agmina
1536 1683 1765 1739 credens

383 1774 608 1842 Inscius,
631 1777 795 1842 atque
821 1773 966 1827 ultro
990 1773 1176 1826 verbis
1201 1772 1498 1841 compellat
1519 1774 1738 1828 amicis:

385 1861 728 1930 “Festinate‚
758 1861 876 1916 viri.
952 1862 1100 1916 Nam
1125 1879 1266 1931 quae
1290 1866 1407 1916 tam
1430 1877 1556 1915 sera
1578 1865 1826 1915 moratur

383 1948 688 2017 Segnitiesi
728 1948 820 2002 alii
847 1950 1069 2019 rapiunt
1091 1950 1318 2004 incensa
1340 1950 1639 2017 feruntque

382 2041 652 2112 Pergama
671 2062 684 2112 ς
723 2061 826 2098 vos
844 2043 1001 2099 celsis
1023 2059 1172 2096 nunc
1194 2042 1435 2110 primum
1462 2059 1494 2094 a
1515 2040 1748 2094 navibus
1771 2039 1921 2095 itis.”

382 2127 554 2197 Dixit,
582 2134 640 2184 et
664 2130 956 2200 extemp10,
986 2146 1163 2198 neque
1188 2133 1335 2183 enim
1358 2146 1624 2199 responsa
1646 2130 1922 2184 dabantur

382 2214 522 2269 Fida
545 2217 692 2285 satis,
721 2218 893 2271 sensit
917 2217 1129 2271 medios
1152 2216 1410 2285 delapsus
1429 2217 1490 2270 in
1514 2216 1705 2271 hostis.

385 2300 681 2371 Obstipuit,
710 2309 969 2373 retroque
991 2304 1187 2372 pedem
1213 2320 1337 2359 cum
1362 2321 1498 2358 voce
1521 2305 1798 2374 repressit.

381 2387 752 2458 Improvisum
776 2391 951 2459 aspris
973 2391 1147 2445 veluti
1173 2392 1263 2461 qui
1289 2393 1537 2446 sentibus
1562 2408 1796 2460 anguem

381 2474 590 2530 Pressit
612 2476 768 2530 humi
793 2478 991 2548 nitens,
1020 2478 1377 2549 trepidusque
1401 2484 1625 2548 repente
1651 2478 1861 2547 refugit

384 2562 749 2617 Attollentem
778 2564 889 2618 iras
913 2570 971 2620 et
994 2566 1212 2621 caerula
1230 2566 1373 2620 colla
1393 2571 1702 2620 tumentem
1724 2583 1737 2633 ς

381 2648 546 2704 Haud
571 2667 726 2704 secus
750 2650 1078 2721 Androgeos
1107 2654 1225 2707 visu
1249 2654 1605 2708 tremefactus
1630 2652 1834 2708 abibat.
1895 2665 1914 2720 J

380 2735 675 2806 Inruimus,
704 2737 886 2792 densis
910 2743 967 2793 et
991 2740 1488 2794 circumfundimur
1511 2740 1692 2809 armis,

380 2823 714 2892 Ignarosque
737 2823 844 2879 loci
869 2827 1072 2894 passim
1100 2831 1156 2880 et
1178 2826 1477 2881 formidine
1502 2832 1692 2895 captos

380 2909 703 2964 Sternimus.
777 2911 1005 2981 Aspirat
1028 2913 1206 2982 primo
1231 2913 1457 2968 fortuna
1477 2913 1669 2967 labori.

380 2996 568 3066 Atque
593 2997 685 3050 hic
710 3014 960 3053 successu
985 3000 1263 3053 exsultans
1287 3001 1592 3069 animisque
1613 3000 1900 3053 Coroebus

385 3085 418 3113 ‘⁴
437 3083 486 3138 Ο
512 3084 662 3151 socii,
688 3101 794 3153 qua
817 3086 995 3153 prima
1015 3086 1047 3115 ‘’
1067 3087 1245 3154 inquit
1274 3088 1306 3116 ⁴⁴
1321 3088 1547 3140 fortuna
1570 3086 1762 3141 salutis

380 3169 654 3224 Monstrat
677 3171 798 3238 iter,
829 3188 1042 3240 quaque
1069 3172 1310 3225 ostendit
1333 3189 1393 3226 se
1415 3172 1627 3241 dextra,
1650 3188 1970 3240 sequamur:

379 3255 658 3311 Mutemus
683 3256 901 3326 clipeos,
928 3256 1290 3326 Danaumque
1315 3259 1555 3327 insignia
1577 3259 1741 3313 nobis

380 3343 669 3412 Aptemus.
743 3342 919 3397 Dolus
944 3360 1016 3398 an
1033 3344 1225 3414 virtus,
1254 3346 1378 3414 quis
1401 3346 1461 3398 in
1483 3344 1646 3399 hoste
1669 3344 1949 3413 requirat?

379 3428 557 3485 Arma
577 3430 789 3484 dabunt
811 3430 970 3499 ipsi.’'
1043 3429 1134 3485 Sic
1158 3432 1320 3499 fatus,
1349 3431 1549 3486 deinde
1572 3435 1883 3485 comantem

380 3515 664 3586 Androgei
686 3517 895 3585 galeam
921 3517 1189 3587 clipeique
1212 3517 1425 3588 insigne
1447 3519 1709 3572 decorum

2309 737 2412 787 360

2310 1170 2411 1221 365

2309 1601 2413 1659 3⁷0

2309 2039 2411 2097 3⁷5

2307 2481 2411 2533 880

2308 2914 2411 2966 885

2307 3348 2411 3400 890
