2725 3917
958 248 1233 300 VERGILI
1276 248 1607 299 AENEIDOS
1650 248 1741 299 111.

336 410 456 466 Nec
479 415 542 465 tu
564 427 878 465 mensarum
901 426 1115 465 morsus
1137 410 1396 465 horresce
1418 411 1662 465 futuros:

338 498 477 553 Fata
498 498 645 553 viam
669 498 958 552 invenient
980 496 1268 566 aderitque
1291 502 1521 552 vocatus
1543 496 1765 567 Apollo,

338 584 454 639 Has
479 590 662 639 autem
686 589 880 654 terras,
907 583 1143 654 Italique
1166 584 1312 639 hanc
1336 584 1515 639 litoris
1538 601 1710 653 oram,

337 670 600 726 Proxima
625 687 764 740 quae
787 671 963 725 nostri
988 670 1340 740 perfunditur
1362 671 1617 739 aequoris
1641 674 1811 740 aestu,

337 759 565 828 Effug03
606 763 807 813 cuncta
829 757 990 813 malis
1012 758 1337 813 habitantur
1360 758 1580 812 moenia
1604 757 1779 812 Grais.

339 846 447 901 Hic
472 851 527 900 et
552 844 777 913 Narycii
801 849 1106 915 posuerunt
1127 845 1345 899 moenia
1368 843 1546 913 Locri,

338 933 414 987 Et
437 932 770 988 Sallentinos
794 931 1010 986 obsedit
1034 932 1212 987 milite
1234 947 1458 1001 campos

339 1020 567 1088 Lyctius
589 1019 921 1073 Idomeneus
940 1038 954 1087 3
995 1019 1089 1073 hio
1113 1018 1208 1074 illa
1230 1019 1385 1072 ducis
1409 1017 1668 1072 Meliboei

338 1106 521 1161 Parva
543 1106 889 1161 Philoctetae
917 1105 1151 1159 subnixa
1171 1105 1385 1160 Petelia
1406 1121 1582 1160 muro·

341 1193 505 1262 Quin,
533 1192 629 1246 ubi
653 1192 1003 1246 transmissae
1030 1191 1285 1245 steterint
1306 1196 1463 1245 trans
1488 1208 1728 1261 aequora
1754 1192 1953 1247 classes

338 1280 413 1334 Et
438 1279 634 1349 positis
661 1278 769 1333 aris
795 1278 906 1332 iam
934 1282 1068 1331 vota
1090 1276 1148 1330 in
1171 1277 1335 1332 litore
1360 1277 1555 1346 solves5

339 1365 629 1436 Purpureo
661 1364 845 1419 velare
872 1380 1058 1419 comas
1085 1364 1385 1435 adopertus
1409 1367 1630 1434 amictu,

340 1452 430 1507 Ne
455 1469 561 1522 qua
585 1452 731 1506 inter
756 1455 977 1506 sanctos
1000 1451 1144 1521 ignis
1167 1452 1226 1506 in
1250 1452 1462 1506 honore
1486 1452 1716 1508 deorum

340 1540 571 1594 Hostilis
597 1538 760 1593 facies
787 1543 1042 1593 occurrat
1067 1542 1124 1593 et
1149 1539 1334 1594 omina
1357 1539 1561 1593 turbet.

341 1628 507 1681 Hunc
533 1626 666 1680 socii
692 1641 903 1680 morem
930 1642 1228 1695 sacrorum,
1255 1625 1405 1680 hunc
1428 1624 1546 1694 ipse
1572 1630 1789 1682 teneto:

341 1715 463 1769 Hac
487 1714 625 1768 casti
650 1720 911 1769 maneant
936 1714 996 1768 in
1021 1714 1288 1784 religione
1312 1719 1557 1783 nepotes.

341 1803 450 1856 Ast
476 1802 569 1855 ubi
597 1801 900 1871 digressum
927 1800 1143 1856 Siculae
1169 1805 1228 1856 te
1253 1801 1566 1856 admoverit
1589 1818 1719 1857 orae

343 1891 563 1946 Ventus
588 1897 644 1946 et
669 1891 885 1961 angusti
909 1896 1187 1946 rarescent
1210 1890 1448 1945 claustra
1470 1889 1673 1959 Pelori,

341 1980 525 2034 Laeva
550 1980 652 2034 tibi
675 1979 841 2034 tellus
865 1986 920 2035 et
944 1980 1112 2048 longo
1134 1979 1292 2034 laeva
1316 1982 1576 2048 petantur

343 2066 605 2135 Aequora
629 2066 891 2133 circuitu3
931 2066 1187 2119 dextrum
1214 2066 1348 2133 fuge
1370 2065 1503 2119 litus
1528 2070 1583 2119 et
1607 2064 1798 2120 undas.

344 2158 495 2212 Haec
519 2158 640 2212 loca
665 2157 720 2210 vi
747 2154 1023 2226 quondam
1048 2159 1105 2209 et
1129 2159 1286 2209 vasta
1309 2153 1573 2208 convulsa
1597 2154 1828 2210 ruina—

343 2245 579 2300 'l'antum
605 2243 723 2298 aevi
751 2242 1054 2311 longinqua
1080 2240 1229 2295 valet
1255 2247 1472 2294 mutare
1496 2244 1814 2295 vetustas—

343 2330 656 2386 Dissiluisse
680 2330 885 2398 ferunt,
921 2344 1045 2382 cum
1072 2327 1326 2398 protinus
1351 2332 1584 2396 utraque
1608 2326 1772 2381 tellus

343 2418 472 2474 Una
494 2420 667 2489 foret3
709 2419 864 2473 venit
891 2417 1074 2473 medio
1099 2418 1156 2472 vi
1181 2422 1384 2488 pontus
1408 2421 1465 2471 et
1487 2416 1651 2470 undis

345 2505 670 2576 Hesperium
700 2505 886 2562 Siculo
912 2504 1060 2570 latus
1085 2505 1332 2571 abscidit,
1362 2520 1601 2572 arvaque
1625 2509 1683 2558 et
1706 2503 1871 2559 urbes

343 2590 532 2646 Litore
556 2591 808 2646 diductas
833 2595 1066 2660 angusto
1091 2589 1345 2644 interluit
1369 2597 1540 2645 aestu.

344 2678 615 2732 Dextrum
642 2676 828 2745 Scylla
851 2677 1013 2747 latus,
1042 2678 1253 2734 laevum
1281 2678 1581 2747 implacata
1604 2677 1918 2745 Charybdis

346 2764 589 2833 Obsidet,
619 2769 783 2834 atque
808 2765 921 2819 imo
946 2765 1193 2820 barathri
1219 2771 1306 2820 ter
1331 2766 1549 2835 gurgite
1573 2769 1759 2820 vastos

344 2852 546 2906 Sorbet
569 2851 628 2905 in
654 2851 948 2920 abruptum
976 2851 1190 2921 fluctus,
1223 2868 1522 2922 rursusque
1547 2852 1648 2908 sub
1673 2869 1833 2908 auras

343 2938 524 3004 Erigit
548 2938 790 2992 alternos
815 2942 872 2993 et
898 2938 1077 2993 sidera
1099 2939 1356 2994 verberat
1382 2939 1551 2996 unda.

343 3026 425 3079 At
449 3024 687 3092 Scyllam
713 3025 889 3080 caecis
915 3025 1140 3080 cohibet
1163 3024 1426 3095 spelunca
1448 3026 1691 3096 latebris,

345 3112 460 3168 Ora
483 3116 855 3167 exsertantem
883 3116 940 3166 et
962 3112 1120 3167 navis
1143 3113 1203 3166 in
1228 3129 1361 3169 saxa
1386 3114 1718 3169 trahentem.

342 3199 532 3254 Prima
553 3198 795 3253 hominis
817 3198 989 3253 facies
1013 3203 1071 3253 et
1093 3199 1327 3268 pulchro
1350 3205 1577 3269 pectore
1599 3200 1757 3268 virgo

343 3286 500 3342 Pube
523 3291 700 3355 tenus,
728 3290 1012 3356 postrema
1033 3286 1263 3340 immani
1289 3302 1520 3356 corpore
1544 3286 1742 3357 pistrix

344 3373 681 3443 Delphinum
709 3373 911 3428 caudas
935 3378 1096 3427 utero
1122 3374 1416 3429 commissa
1441 3374 1716 3444 luporum.

344 3459 598 3516 Praestat
622 3460 891 3515 Trinacrii
915 3465 1092 3515 metas
1116 3459 1350 3514 lustrare
1376 3460 1625 3528 Pachyni

347 3545 683 3616 Cessantem,
709 3546 908 3616 longos
932 3551 990 3601 et
1014 3544 1445 3602 circumflectere
1470 3561 1676 3614 cursus,

2266 499 2368 552 395

2266 934 2371 985 400

2268 1367 2371 1420 405

2270 1804 2374 1855 410

2269 2239 2373 2292 415

2270 2677 2377 2730 420

2276 3114 2380 3166 425

2277 3548 2382 3600 430
