2725 3917
1009 215 1286 267 VERGILI
1329 214 1662 265 AENEIDOS
1707 214 1822 264 VII.

402 380 554 433 Mille
578 380 740 448 viros,
769 378 982 446 dignae,
1011 377 1206 446 patriis
1232 377 1324 445 qui
1348 376 1545 431 laetior
1573 381 1718 430 esset

403 465 673 534 ImperiiS,
705 469 760 518 et
784 465 873 518 cui
897 469 1056 532 pater
1077 463 1227 516 haud
1252 462 1559 517 Mezentius
1584 470 1744 516 esset.

472 551 611 605 Post
632 552 737 604 hos
760 550 1031 618 insignem
1056 551 1241 619 palma
1266 566 1367 618 per
1393 549 1643 618 gramina
1666 566 1889 603 currum

403 638 771 707 Victoresque
798 642 1041 691 ostentat
1066 653 1236 705 equos
1263 641 1414 689 satus
1442 635 1681 688 Hercule
1706 636 1939 704 pulchro

402 724 639 779 Pulcher
667 724 995 793 Aventinus,
1025 723 1311 791 clipeoque
1339 722 1555 789 insigne
1582 727 1875 790 paternum

406 811 644 866 Centum
668 811 862 880 anguis
887 812 1229 879 cinctamque
1257 810 1401 878 gerit
1427 809 1775 878 serpentibus
1799 809 2045 878 Hydram
2065 830 2077 879 3

406 898 577 953 Collis
597 897 865 952 Aventini
892 897 1032 951 silva
1063 914 1225 966 quem
1250 897 1410 949 Rhea
1435 896 1693 950 sacerdos

404 986 694 1039 Furtivum
721 990 886 1055 partu
915 983 1016 1038 sub
1040 984 1263 1037 luminis
1287 983 1461 1036 edidit
1485 1000 1624 1052 oras,

404 1072 584 1126 Mixta
608 1072 713 1125 deo
737 1071 951 1139 mulier,
983 1073 1276 1140 postquam
1293 1071 1594 1125 Laurentia
1617 1070 1796 1125 victor

406 1161 664 1227 Geryone
691 1159 966 1212 exstincto
995 1157 1318 1225 Tirynthius
1343 1158 1529 1225 attigit
1552 1174 1697 1226 arva,

406 1246 801 1314 Tyrrhenoque
826 1245 998 1298 boves
1021 1244 1082 1297 in
1106 1239 1337 1298 flumine*
1355 1244 1492 1300 lavit
1516 1244 1766 1300 Hiberas.

405 1332 525 1386 Pila
548 1348 715 1385 manu
741 1347 1038 1399 saevosque
1062 1336 1262 1399 gerunt
1284 1331 1346 1384 in
1370 1331 1515 1385 bella
1536 1331 1782 1400 dolones,

407 1419 482 1472 Et
507 1418 667 1472 tereti
693 1421 943 1486 pugnant
967 1433 1237 1471 mucrone
1263 1434 1508 1487 veruque
1531 1417 1766 1474 Sabello.

409 1506 535 1574 Ipse
562 1505 743 1574 pedeS,
770 1509 1031 1573 tegumen
1053 1509 1319 1573 torquens
1341 1504 1583 1558 immane
1605 1504 1799 1571 leonis,

412 1595 664 1648 Terribili
690 1595 970 1663 impexum
995 1598 1163 1661 saeta,
1192 1610 1319 1648 cum
1343 1593 1602 1646 dentibus
1625 1592 1778 1661 albis,

408 1678 643 1734 Indutus
666 1682 848 1750 capiti,
879 1681 956 1735 sic
983 1680 1137 1749 regia
1160 1685 1309 1735 tecta
1334 1680 1569 1749 subibat,

406 1769 696 1837 HorriduS,
725 1767 1108 1836 Herculeoque
1130 1784 1350 1822 umeros
1374 1767 1609 1821 innexus
1631 1767 1852 1822 amictu.

482 1855 620 1908 Tum
644 1855 850 1923 gemini
874 1854 1077 1907 fratres
1103 1854 1353 1909 Tiburtia
1374 1853 1597 1907 moenia
1619 1853 1890 1922 linquunt,

412 1944 624 1998 Fratris
648 1942 862 1997 Tiburti
887 1942 1091 1996 dictam
1116 1942 1441 2011 cognomine
1465 1945 1704 2011 gentem,

416 2032 753 2100 Catillusque
779 2048 1011 2100 acerque
1040 2031 1228 2099 Corae,
1256 2031 1472 2099 Argiva
1494 2031 1766 2097 iuventus,

411 2120 487 2172 Et
510 2120 743 2188 primam
774 2126 901 2173 ante
927 2118 1100 2172 aciem
1125 2118 1294 2170 densa
1310 2117 1458 2171 inter
1482 2118 1596 2171 tela
1617 2118 1907 2173 feruntur:

403 2210 527 2263 'Ceu
552 2210 663 2262 duo
686 2209 994 2276 nubigenae
1019 2225 1144 2262 cum
1166 2208 1374 2261 vertice
1399 2206 1605 2260 montis
1629 2208 1697 2261 ab
1723 2208 1836 2262 alto

409 2296 764 2350 Descendunt
792 2295 1069 2363 Centauri,
1101 2294 1380 2349 Homolen
1409 2293 1755 2362 Othrquue
1777 2294 2014 2348 nivalem

409 2382 742 2452 Linquentes
768 2399 929 2435 cursu
954 2381 1181 2450 rapid03
1226 2381 1322 2435 dat
1346 2381 1605 2435 euntibus
1630 2381 1824 2449 ingens

410 2469 562 2524 Silva
584 2470 782 2537 locum,
814 2474 871 2523 et
894 2486 1098 2537 magno
1124 2470 1328 2523 cedunt
1356 2469 1592 2538 virgulta
1616 2469 1851 2537 fragore.

481 2555 599 2610 Nec
626 2557 1016 2610 Praenestinae
1043 2556 1305 2612 fundator
1331 2557 1510 2611 defuit
1535 2557 1700 2626 urbiS,

411 2642 663 2697 Volcano
688 2642 935 2709 genitum
962 2660 1165 2712 pecora
1187 2644 1336 2697 inter
1361 2644 1600 2711 agrestia
1623 2659 1811 2712 regem

411 2728 815 2797 Inventumque
839 2727 977 2782 focis
1003 2730 1183 2783 omnis
1207 2747 1370 2798 quem
1395 2730 1630 2785 credidit
1654 2734 1817 2798 aetas,

414 2813 697 2867 Caeculus.
773 2814 937 2868 Hunc
960 2814 1104 2882 legio
1130 2816 1242 2869 late
1268 2816 1566 2870 comitatur
1591 2817 1835 2885 agrestis,

414 2899 630 2968 Quique
654 2900 825 2953 altum
850 2899 1149 2955 Praeneste
1175 2901 1295 2969 viri,
1327 2902 1528 2971 quique
1553 2919 1685 2957 arva
1704 2903 1951 2957 Gabinae

413 2986 640 3039 Iunonis
664 2986 1012 3054 gelidumque
1037 2987 1310 3041 Anienem
1338 2994 1393 3042 et
1418 2988 1634 3043 roscida
1656 2990 1790 3042 rivis

412 3072 655 3126 Hernica
678 3088 809 3125 saxa
832 3072 1036 3140 colunt,
1065 3089 1203 3141 quos
1227 3074 1383 3128 dives
1407 3075 1665 3143 Anagnia
1688 3076 1880 3143 pascit,

415 3157 581 3224 Quos,
609 3161 884 3212 Amasene
906 3163 1081 3226 pater.
1156 3158 1286 3213 Non
1310 3161 1420 3214 illis
1446 3161 1700 3214 omnibus
1725 3177 1893 3231 arma,

414 3244 535 3299 Nec
559 3246 720 3314 clipei
745 3261 1004 3299 currusve
1031 3251 1262 3314 sonant3
1302 3263 1430 3315 pars
1456 3248 1695 3301 maxima
1719 3247 1946 3316 glandes

414 3330 663 3385 Liventis
686 3333 897 3400 plumbi
923 3332 1161 3400 spargit3
1201 3348 1330 3399 pars
1356 3333 1567 3401 spicula
1593 3338 1775 3401 gestat

415 3415 558 3469 Bina
581 3434 781 3484 manu3
820 3418 1111 3486 fulvosque
1132 3417 1251 3485 lupi
1275 3417 1344 3470 de
1369 3417 1514 3485 pelle
1538 3418 1751 3484 galeros

417 3499 657 3567 Tegmen
681 3501 889 3556 habent
913 3503 1107 3570 capiti3
1146 3502 1380 3570 vestigia
1402 3503 1550 3556 nuda
1573 3504 1782 3559 sinistri

2336 552 2438 603 655

2336 988 2438 1037 660

2322 1422 2436 1473 -665

2336 2293 2436 2350 675

2338 2732 2440 2783 680

2340 3163 2441 3215 685
