2725 3917
951 242 1227 293 VERGILI
1271 242 1604 292 AENEIDOS
1646 243 1710 292 V.

316 404 460 459 Bina
479 404 649 458 boum
676 402 835 457 vobis
858 402 1025 457 Troia
1044 407 1342 471 generatus
1367 401 1597 456 Acestes

314 491 427 545 Dat
449 506 682 544 numero
708 490 890 558 capita
912 491 969 542 in
994 489 1181 554 navis3
1224 489 1485 543 adhibete
1510 489 1737 543 Penatis

313 578 387 631 Et
408 577 618 646 patrios
642 577 819 645 epulis
843 582 901 630 et
925 593 1061 645 quos
1085 576 1218 629 colit
1242 576 1443 645 hospes
1467 576 1715 630 Acestes.

314 666 624 733 Praeterea,
653 665 700 718 si
721 681 869 718 nona
892 663 1039 717 diem
1066 664 1392 717 mortalibus
1416 663 1622 717 almum

313 752 533 806 Aurora
557 751 820 806 extulerit
843 750 1119 819 radiisque
1145 750 1413 804 retexerit
1437 751 1646 816 orbem,

313 838 500 893 Prima
524 838 666 892 eltae
691 837 915 891 Teucris
940 853 1141 906 ponam
1170 838 1476 891 certamina
1500 837 1722 904 classis3
1802 849 1810 922 ᾗ

314 925 529 995 Quique
554 924 756 993 pedum
781 940 944 977 cursu
969 923 1130 992 valet,
1158 929 1216 977 et
1240 924 1332 993 qui
1356 924 1569 978 viribus
1591 924 1769 978 audax

291 1014 433 1080 ,Aut
455 1010 634 1065 iaculo
657 1010 869 1064 incedit
893 1010 1087 1063 melior
1113 1010 1438 1078 levibusque
1462 1010 1694 1079 sagittis,

315 1099 422 1153 Seu
447 1097 619 1151 crudo
642 1096 768 1150 fidit
790 1113 1032 1166 pugnam
1058 1097 1407 1151 committere
1431 1103 1634 1167 caestu,

315 1185 512 1240 Cuncti
539 1183 737 1253 adsint,
765 1184 1102 1254 meritaeque
1130 1191 1454 1255 exspectent
1476 1186 1723 1254 praemia
1744 1183 1977 1253 palmae.

315 1271 428 1325 Ore
450 1272 638 1325 favete
663 1287 869 1341 omnes,
899 1276 957 1325 et
980 1271 1186 1341 cingite
1211 1279 1463 1343 tempora
1485 1272 1705 1327 ramiS.'‘’
1719 1286 1783 1356 s

385 1358 475 1412 Sic
498 1357 647 1411 fatus
670 1357 820 1411 velat
842 1362 1095 1412 materna
1117 1364 1373 1427 tempora
1395 1365 1599 1425 myrto.

314 1444 438 1499 Hoc
461 1443 732 1511 Helymus
755 1444 905 1512 facit,
932 1444 1041 1500 hoo
1064 1447 1188 1500 aevi
1209 1452 1460 1501 maturus
1484 1448 1731 1512 Acestes,

315 1532 436 1586 Hoc
459 1548 600 1600 puer
623 1531 910 1602 Ascanius,
938 1534 1187 1603 sequitur
1211 1550 1348 1602 quos
1371 1537 1556 1587 cetera
1578 1532 1768 1601 pubes.

314 1618 414 1672 Ille
438 1635 469 1672 e
493 1619 728 1673 concilio
751 1619 940 1674 multis
965 1636 1092 1675 cum
1116 1621 1340 1674 milibus
1363 1620 1484 1674 ibat

316 1705 404 1757 Ad
430 1705 721 1773 tumulum,
750 1722 952 1775 magna
975 1706 1187 1761 medius
1210 1708 1514 1761 comitante
1539 1710 1777 1759 caterva.

317 1792 422 1846 Hic
447 1793 559 1846 duo
584 1794 692 1847 rite
716 1810 869 1847 mero
892 1793 1070 1848 libans
1095 1794 1378 1849 carchesia
1401 1792 1622 1847 Baccho

315 1880 522 1937 Fundit
544 1884 716 1952 humi,
745 1884 855 1938 duo
877 1883 1019 1938 lacte
1043 1900 1206 1951 novo,
1237 1883 1347 1936 duo
1374 1880 1638 1947 sanguine
1664 1893 1835 1945 sacr0,

316 1967 737 2041 Purpureosque
764 1971 896 2025 iacit
920 1970 1098 2037 flores,
1129 1987 1193 2024 ac
1216 1969 1353 2023 talia
1377 1969 1557 2022 fatur:

320 2056 353 2083 “
371 2056 547 2124 Salve,
575 2063 766 2112 sancte
789 2074 1022 2127 parens;
1062 2058 1263 2111 iterum
1287 2055 1512 2121 salvete,
1540 2052 1753 2121 recepti

317 2142 664 2213 Nequiquam
691 2145 918 2209 cineres,
947 2145 1270 2212 animaeque
1288 2142 1626 2209 umbraeque
1650 2144 1925 2209 paternae.

316 2231 446 2286 Non
468 2234 628 2288 licuit
651 2233 776 2287 finis
798 2231 970 2286 Italos
995 2230 1292 2299 fataliaque
1317 2245 1465 2296 arva,

316 2319 433 2375 Nec
455 2327 642 2377 tecum
668 2323 993 2389 Ausonium,
1028 2319 1356 2389 quicumque
1383 2321 1483 2384 est,
1511 2329 1775 2383 quaerere
1800 2310 2123 2380 Thybrim.'’

314 2406 548 2465 Dixerat
570 2410 724 2478 haec,
752 2410 934 2478 adytis
960 2424 1085 2463 cum
1109 2406 1354 2460 lubricus
1377 2404 1572 2471 anguis
1596 2402 1666 2455 ab
1688 2399 1814 2453 imis

317 2495 541 2565 Septem
566 2498 759 2567 ingens
784 2514 964 2567 gyros,
995 2500 1226 2565 septena
1248 2491 1531 2545 volumina
1548 2488 1737 2554 traxit,

314 2581 623 2652 Amplexus
646 2584 859 2654 placide
883 2583 1159 2637 tumulum
1187 2581 1478 2649 lapsusque
1502 2591 1603 2645 per
1625 2590 1763 2643 aras,

318 2668 614 2725 Caeruleae
639 2673 725 2725 cui
752 2676 908 2740 terga
930 2675 1097 2725 notae
1123 2668 1438 2724 maculosus
1463 2668 1520 2717 et
1544 2678 1681 2717 auro

317 2754 610 2824 Squamam
635 2758 964 2812 incendebat
987 2757 1186 2826 fulgor,
1217 2771 1318 2809 ceu
1342 2752 1585 2807 nubibus
1608 2764 1769 2803 arcus

315 2841 463 2897 Mille
486 2845 619 2898 iacit
642 2845 825 2899 varios
850 2845 1081 2899 adverso
1103 2842 1218 2899 sole
1243 2841 1472 2897 colores.

318 2929 599 3001 Obstipuit
623 2932 745 2985 visu
770 2932 1006 2985 Aeneas.
1080 2930 1182 2984 Ille
1205 2929 1424 3002 agmine
1447 2927 1615 2993 longo

316 3017 557 3072 Tandem
583 3019 732 3073 inter
755 3023 976 3087 pateras
1001 3021 1058 3072 et
1080 3017 1226 3071 levia
1249 3014 1450 3084 pocula
1472 3027 1697 3081 serpens

317 3102 640 3175 Libavitque
666 3105 849 3173 dapeS,
878 3119 1173 3172 rursusque
1197 3101 1459 3156 innoxius
1482 3100 1597 3153 imo

317 3189 588 3247 Successit
614 3191 846 3259 tumulo,
876 3195 934 3245 et
957 3190 1183 3259 depasta
1209 3188 1407 3242 altaria
1431 3185 1609 3255 liquit.

318 3276 438 3333 Hoc
462 3281 638 3348 magis
663 3279 918 3346 inceptos
936 3276 1180 3345 genitori
1202 3276 1478 3328 instaurat
1504 3273 1761 3340 honores,

317 3361 580 3434 Incertus,
612 3364 925 3419 Geniumne
948 3362 1057 3416 loci
1081 3361 1423 3415 famulumne
1447 3359 1693 3426 parentis

316 3441 667 3521 EnoE'putet3
710 3449 892 3504 caedit
915 3449 1073 3503 binas
1097 3448 1167 3501 de
1190 3463 1346 3501 more
1372 3445 1630 3512 bidentis,

316 3535 525 3610 ‘Imque
549 3553 694 3609 sues,
721 3535 962 3592 totidem
986 3535 1256 3605 nigrantis
1281 3539 1437 3603 terga
1460 3534 1752 3595 iuvencos3

106 3811 571 3882 Q&

2278 748 2344 801 65

2275 1180 2343 1236 '70

2276 1613 2343 1669 '75

2279 2484 2346 2537 85

2280 2921 2349 2972 90

2282 3350 2350 3402 95
