2725 3917
936 234 1215 285 VERGILI
1259 234 1589 285 AENEIDOS
1633 235 1722 286 IV.

307 395 506 449 Erecta
530 395 744 463 ingenti
768 395 947 449 taedis
973 400 1140 464 atque
1164 395 1290 448 ilice
1314 400 1481 463 secta,

305 481 656 551 Intenditque
684 482 863 536 locum
890 482 1053 535 sertis
1075 487 1134 535 et
1155 482 1356 535 fronde
1383 486 1616 535 coronat

305 568 579 635 Funerea;
623 584 789 636 super
814 568 1039 621 exuvias
1066 584 1362 638 ensemque
1387 568 1642 622 relictum

303 645 664 722 Effigiemque
690 658 819 707 toro
843 653 1005 723 locat,
1036 655 1185 708 haud
1209 656 1402 723 ignara
1425 655 1618 708 futuri.

305 742 464 795 Stant
489 758 615 795 arae
639 740 863 807 circum,
892 744 950 793 et
975 741 1144 793 crinis
1169 741 1344 794 effusa
1370 741 1628 795 sacerdos

304 828 409 882 Ter
433 832 656 881 centum
680 831 842 880 tonat
866 842 964 880 ore
988 826 1136 894 deos,
1166 826 1519 896 Erebumque
1545 828 1836 897 Chaosque

303 915 791 984 'tergeminamque
816 912 1079 982 Hecaten,
1109 914 1221 968 tria
1244 914 1476 982 virginis
1504 929 1603 967 ora
1625 914 1854 970 Dianae.

305 1001 589 1069 Sparserat
615 1005 672 1053 et
695 1000 887 1054 latices
910 999 1192 1053 simulatos
1218 999 1394 1054 fontis
1418 999 1645 1067 Averni,

303 1086 556 1140 Falcibus
582 1090 640 1139 et
665 1102 871 1140 messae
895 1087 969 1141 ad
994 1086 1207 1140 Lunam
1238 1091 1579 1155 quaeruntur
1603 1088 1757 1140 aenis

303 1173 582 1227 Pubentes
605 1174 812 1228 herbae
834 1174 981 1242 nigri
1002 1190 1125 1228 cum
1150 1173 1296 1227 lacte
1319 1174 1552 1241 veneni3
1805 1085 1832 1246 ί

302 1259 602 1324 Quaeritur
626 1265 684 1315 et
707 1261 984 1315 nascentis
1007 1262 1133 1330 equi
1161 1261 1232 1315 de
1257 1261 1449 1313 fronte
1477 1260 1723 1314 revulsus

302 1346 376 1400 Et
399 1349 566 1401 matri
593 1354 918 1417 praereptus
943 1364 1114 1402 amor.
1182 1390 1201 1408 0

301 1433 430 1503 Ipsa
452 1435 602 1489 mola
624 1435 984 1504 manibusque
1008 1434 1116 1503 piis
1140 1433 1336 1487 altaria
1357 1434 1531 1501 iuxta,

303 1521 488 1575 Unum
514 1528 682 1576 exuta
707 1522 904 1590 pedem
930 1522 1141 1590 vinclis,
1172 1522 1231 1574 in
1258 1526 1414 1575 veste
1441 1522 1702 1591 recincta,

303 1607 557 1663 Testatur
581 1610 855 1663 moritura
878 1609 1012 1663 deos
1036 1614 1092 1662 et
1116 1609 1333 1662 conscia
1354 1609 1457 1663 fati

305 1694 527 1763 Sidera3
568 1701 705 1765 tum,
733 1696 780 1750 si
805 1696 953 1765 quod
975 1712 1089 1749 non
1117 1713 1292 1765 aequo
1316 1696 1537 1750 foedere
1566 1696 1803 1750 amantis

304 1781 479 1836 Ourae
504 1800 713 1836 numen
736 1783 906 1836 habet
928 1783 1243 1851 iustumque
1270 1799 1606 1851 memorque,
1637 1787 1909 1850 precatur.
1973 1781 1978 1792 ’

371 1868 500 1922 Nox
526 1875 662 1938 erat,
693 1872 750 1922 et
773 1868 1049 1937 placidum
1074 1871 1374 1937 carpebant
1400 1869 1540 1923 fessa
1564 1885 1819 1942 soporem

306 1954 551 2025 Corpora
573 1971 674 2025 per
697 1960 889 2022 terrae,
918 1955 1194 2024 silvaeque
1220 1960 1278 2009 et
1300 1972 1462 2010 saeva
1487 1957 1741 2025 quierant

303 2040 578 2110 Aequora,
608 2059 733 2096 cum
755 2042 940 2096 medio
962 2043 1261 2096 volvuntur
1284 2044 1467 2097 sidera
1489 2043 1663 2112 lapsu,

303 2127 440 2181 Oum
464 2133 614 2182 tacet
641 2128 820 2181 omnis
846 2145 990 2196 ager,
1019 2128 1256 2196 pecudes
1281 2130 1569 2199 pictaeque
1595 2130 1859 2199 volucres,

303 2213 564 2283 Quaeque
587 2215 739 2269 lacus
762 2214 872 2268 late
896 2215 1148 2284 liquidos,
1181 2233 1429 2285 quaeque
1455 2234 1651 2286 aspera
1675 2218 1858 2271 dumis

301 2300 451 2355 Rura
473 2304 684 2369 tenent,
715 2317 909 2354 somno
932 2302 1148 2370 positae
1174 2303 1275 2356 sub
1298 2308 1466 2357 nocte
1493 2304 1679 2359 silenti

305 2387 599 2470 [Le-nibant
625 2404 800 2456 curas,
829 2393 887 2441 et
910 2388 1078 2442 corda
1101 2389 1274 2443 oblita
1296 2390 1596 2459 laborum].

300 2476 381 2528 At
401 2492 517 2529 non
538 2475 733 2529 infelix
758 2475 927 2529 animi
950 2475 1263 2545 Phoenissa,
1296 2493 1399 2532 nec
1426 2494 1686 2546 umquam

301 2562 542 2616 Solvitur
566 2563 625 2615 in
650 2578 890 2629 somnos,
920 2562 1159 2616 oculisve
1186 2568 1283 2617 aut
1308 2570 1535 2632 pectore
1559 2569 1781 2618 noctem

299 2647 546 2717 Accipit:
575 2650 919 2717 ingeminant
944 2665 1123 2718 curae,
1157 2667 1454 2721 rursusque
1479 2668 1772 2718 resurgens

298 2735 484 2789 Saevit
509 2752 681 2803 amor,
709 2751 1016 2803 magnoque
1040 2736 1247 2791 irarum
1272 2737 1502 2792 fluctuat
1528 2744 1697 2792 aestu.

294 2821 387 2875 Sic
412 2822 552 2875 adeo
574 2821 796 2889 insistit,
826 2837 1117 2891 secumque
1142 2823 1223 2877 ita
1246 2824 1414 2877 corde
1439 2825 1683 2878 volutat:

296 2910 335 2936 ‘²
351 2908 452 2977 En,
483 2907 615 2977 quid
642 2908 784 2975 ago?
823 2924 1083 2963 rursusne
1112 2926 1309 2979 procos
1333 2911 1503 2965 inrisa
1526 2912 1740 2980 priores

284 2994 579 3064 Experiar,
608 2993 1033 3065 Nomadumque
1060 3002 1249 3065 petam
1277 2999 1513 3053 conubia
1538 2998 1787 3066 supplex,

287 3083 447 3147 Quos
470 3099 575 3150 ego
598 3082 701 3135 sim
726 3081 935 3135 totiens
958 3083 1069 3137 iam
1095 3083 1391 3152 dedignata
1415 3086 1682 3139 maritos?

279 3168 486 3222 Iliacas
507 3167 681 3235 igitur
707 3167 898 3221 classis
922 3179 1086 3236 atque
1110 3169 1310 3224 ultima
1334 3170 1608 3225 Teucrum

276 3256 446 3310 Iussa
470 3255 709 3324 sequar?
751 3255 949 3323 quiane
975 3256 1181 3309 auxilio
1204 3257 1361 3311 iuvat
1385 3263 1515 3312 ante
1539 3258 1767 3327 levatOS,

272 3342 365 3398 Et
385 3341 527 3396 bene
552 3340 704 3409 apud
728 3357 1002 3395 memores
1025 3345 1231 3396 veteris
1256 3348 1368 3397 stat
1391 3344 1571 3412 gratia
1594 3344 1768 3399 facti?

274 3427 431 3495 Quis
449 3445 541 3482 me
566 3426 889 3501 autemhfac
915 3427 1068 3500 velle,
1098 3430 1256 3497 sinet,
1285 3431 1567 3484 ratibusve
1592 3431 1843 3499 superbis
1877 3425 1886 3452 ¹

258 3515 531 3572 'Invisum
557 3513 838 3582 accipiet?
876 3515 1054 3569 nescis
1078 3515 1202 3585 heu,
1230 3517 1464 3585 perdita,
1492 3515 1729 3570 necdum

2243 398 2346 450 505

2242 831 2346 883 510

2238 1263 2342 1316 515

2235 1698 2341 1750 520

2232 2133 2336 2186 525

2230 2567 2336 2620 530

2231 3001 2333 3052 535

2228 3430 2331 3483 540
