2725 3917
1053 257 1330 309 vanem
1374 221 1703 308 mammos
1743 255 1811 306 11.

419 422 575 477 Pone
597 420 733 489 legit
757 420 1046 489 sinuatque
1071 421 1340 473 immensa
1361 418 1642 472 volumine
1669 421 1841 485 terga.

419 509 512 562 Fit
536 509 747 562 sonitus
773 512 1065 577 spumante
1090 508 1239 575 sa103
1278 508 1498 575 iamque
1526 522 1660 560 arva
1682 505 1963 574 tenebant,

422 595 796 663 Ardentisque
822 594 1011 649 oculos
1035 594 1253 647 suffecti
1281 592 1545 661 sanguine
1570 597 1627 646 et
1652 593 1783 660 igni,

422 682 594 736 Sibila
616 682 933 736 lambebant
955 681 1160 750 linguis
1183 680 1531 735 vibrantibus
1557 696 1670 733 ora.

420 768 756 837 Diffugimus
780 769 901 822 visu
927 779 1246 836 exsangues.
1322 767 1412 820 Illi
1438 766 1660 834 agmine
1680 770 1835 820 certo

420 856 739 910 Laocoonta
737 860 983 944 ‘petuntg
1025 859 1081 909 et
1106 855 1347 923 primum
1372 869 1544 922 parva
1568 853 1803 906 duorum

423 943 671 1011 Corpora
695 948 954 997 natorum
981 958 1207 1011 serpens
1234 940 1520 1009 amplexus
1543 943 1777 1008 uterque

420 1027 677 1098 Implicat
702 1034 758 1083 et
781 1030 1013 1083 miseros
1036 1045 1224 1082 morsu
1249 1027 1567 1096 depascitur
1591 1030 1773 1094 artus3

422 1116 556 1170 Post
580 1118 775 1185 ipsum,
806 1116 1010 1170 anxilio
1035 1116 1358 1169 subeuntem
1386 1130 1450 1168 ac
1475 1113 1588 1167 tela
1608 1114 1895 1181 ferentem,

423 1202 758 1270 Corripiunt,
788 1202 1056 1270 spirisque
1079 1201 1256 1270 ligant
1282 1200 1626 1266 ingentibust,
1669 1204 1725 1252 et
1750 1199 1858 1252 iam

421 1288 520 1341 Bis
540 1287 783 1342 medium
810 1289 1064 1357 amplexi,
1093 1289 1179 1341 bis
1203 1287 1346 1341 collo
1373 1301 1631 1355 squamea
1655 1286 1860 1339 circum

422 1375 597 1448 Terga
623 1375 752 1444 dati,
782 1379 1046 1444 superant
1069 1375 1250 1443 capite
1277 1378 1333 1427 et
1358 1373 1662 1427 cervicibus
1688 1372 1829 1427 altis.

421 1460 523 1515 Ille
548 1462 709 1515 simul
735 1463 986 1515 manibus
1010 1462 1191 1516 tendit
1217 1461 1480 1514 divellere
1505 1459 1697 1528 nodOS,

421 1547 680 1601 Perfusus
705 1548 858 1602 sanie
883 1549 1053 1602 vittas
1077 1554 1309 1617 atroque
1336 1563 1570 1614 venene,

423 1635 704 1690 Clamores
727 1636 889 1689 simul
910 1635 1218 1689 horrendos
1244 1634 1311 1688 ad
1339 1634 1521 1687 sidera
1544 1632 1728 1687 tollit:

423 1722 609 1787 Qualis
633 1724 888 1792 mugitus,
920 1723 1062 1792 fugit
1086 1739 1211 1776 cum
1237 1721 1454 1775 saucius
1480 1733 1632 1774 aram

421 1810 631 1881 Taurus
655 1815 712 1864 et
735 1811 1005 1865 incertam
1029 1791 1269 1866 excussit
1292 1809 1505 1863 cervice
1532 1808 1785 1866 securim.

420 1897 500 1951 At
525 1899 729 1967 gemini
753 1898 908 1968 lapsu
933 1883 1163 1952 delubra
1186 1897 1256 1952 ad
1281 1912 1493 1951 summa
1514 1895 1783 1949 dracones

419 1984 706 2053 Effugiant
731 2002 1031 2054 saevaeque
1055 1989 1255 2053 petunt
1281 1982 1583 2037 Tritonidis
1605 1998 1802 2051 arcem,

421 2070 534 2124 Sub
557 2072 895 2139 pedibusque
921 2072 1056 2125 deae
1081 2070 1357 2140 clipeique
1377 2070 1480 2122 sub
1507 2068 1641 2122 orbe
1667 2072 1945 2136 teguntur.

419 2156 558 2209 Tum
585 2174 718 2210 vero
741 2156 1064 2210 tremefacta
1085 2173 1265 2210 novus
1288 2172 1390 2224 per
1412 2161 1642 2225 pectora
1671 2158 1891 2211 cunctis

420 2241 672 2296 Insinuat
695 2259 882 2311 pavor,
913 2247 969 2296 et
993 2242 1167 2296 scelus
1193 2243 1513 2310 expendisse
1538 2248 1839 2298 merentem

420 2327 735 2381 Laocoonta
758 2328 959 2397 ferunt,
988 2345 1205 2382 sacrum
1232 2330 1324 2397 qui
1349 2330 1572 2398 cuspide
1598 2331 1769 2384 robur

421 2413 665 2466 Laeserit
689 2418 746 2467 et
769 2418 926 2483 tergo
951 2414 1270 2469 sceleratam
1295 2416 1582 2471 intorserit
1608 2417 1841 2472 hastam.

421 2499 749 2554 Ducendum
774 2501 842 2555 ad
868 2501 1024 2554 sedes
1048 2502 1401 2556 simulacrum
1428 2504 1743 2573 orandaque
1768 2503 1929 2557 divae

421 2587 665 2660 Numina
689 2586 1049 2643 conclamant.

419 2674 733 2727 Dividimus
757 2689 945 2727 muros
971 2679 1028 2729 et
1053 2676 1271 2731 moenia
1296 2677 1590 2744 pandimus
1617 2677 1783 2731 urbis.

421 2761 736 2826 Accingunt
762 2776 949 2814 omnes
975 2763 1143 2831 operi,
1171 2763 1514 2832 pedibusque
1541 2770 1789 2818 rotarum
1851 2817 1856 2824 ,

420 2847 708 2901 Subiciunt
732 2846 932 2915 lapsus,
962 2854 1019 2903 et
1045 2853 1276 2918 stuppea
1300 2850 1523 2905 vincula
1548 2851 1691 2906 collo
1773 2853 1782 2860 “

419 2932 741 2988 Intendunt.
815 2933 1042 2992 Scandit
1065 2937 1248 2990 fatalis
1272 2938 1530 2992 machina
1554 2955 1755 3004 muros,

418 3020 558 3075 Feta
582 3019 761 3073 armis,
836 3019 1002 3075 Pueri
1029 3023 1235 3077 circum
1259 3023 1632 3093 innuptaeque
1657 3025 1874 3093 puellae

420 3107 587 3162 Sacra
612 3111 834 3174 canunt,
860 3107 1158 3178 funemque
1181 3127 1347 3166 manu
1375 3112 1697 3180 contingere
1721 3112 1980 3180 gaudent.

417 3195 519 3250 Illa
544 3194 705 3262 subit,
733 3193 1054 3265 mediaeque
1077 3196 1295 3250 minans
1319 3197 1583 3251 inlabitur
1605 3198 1747 3252 urbi.

419 3282 466 3335 Ο
492 3282 690 3351 patria,
721 3296 753 3333 ο
779 3280 966 3335 divom
990 3282 1184 3338 domus
1212 3283 1390 3352 Ilium,
1421 3289 1478 3338 et
1500 3269 1709 3338 incluta
1732 3285 1878 3339 bello

419 3369 638 3426 Moenia
661 3367 1070 3423 Dardanidum!
1113 3373 1308 3438 quater
1332 3371 1457 3439 ipso
1481 3372 1539 3424 in
1563 3371 1754 3425 limine
1777 3376 1973 3441 portae

418 3454 692 3523 Substitit,
723 3458 886 3522 atque
912 3461 1068 3510 utero
1093 3456 1336 3510 sonitum
1362 3462 1556 3527 quater
1581 3475 1734 3514 arma
1757 3459 1991 3527 dedere;

418 3541 694 3597 Instamus
717 3545 903 3595 tamen
926 3542 1276 3597 immemores
1301 3544 1556 3614 caecique
1582 3545 1791 3618 furore,

2355 597 2458 649 210

2356 1029 2456 1082 215

2355 1464 2457 1516 220

2347 1898 2456 1950 225

2351 2333 2455 2385 230

2351 2767 2453 2819 235

2349 3202 2453 3256 240
