2725 3917
1101 258 1378 310 VERGILI
1422 257 1683 308 ECLOGA
1727 258 1820 308 ΙΙΙ.

438 421 581 473 Cum
604 419 806 473 faciam
831 418 1009 473 vitula
1032 437 1134 488 pro
1160 420 1426 489 frugibus,
1456 421 1573 488 ipse
1599 422 1804 474 venite.

506 506 660 559 ΜΕΝ.
698 506 956 573 Phyllida
979 522 1103 559 amo
1129 511 1257 560 ante
1283 505 1446 561 alias:
1488 524 1612 560 nam
1640 524 1729 561 me
1756 507 2033 561 discedere
2057 507 2225 577 flevit,

436 592 511 645 Et
534 593 760 661 longum
789 592 1112 657 “Formose,
1140 592 1280 661 vale,
1310 593 1488 661 vale,”
1517 594 1709 662 inquit,
1743 594 1985 648 “Iolla.’'

507 679 663 733 ΒΑΜ.
703 678 880 732 Triste
904 678 1068 747 lupus
1093 679 1338 748 stabuliS,
1368 673 1601 733 maturis
1625 679 1875 748 frugibus
1899 680 2120 749 imbreS,
2407 685 2477 734 80

437 764 751 819 Arboribus
774 765 943 833 venti,
972 765 1135 819 nobis
1159 765 1521 833 Amaryllidis
1547 767 1677 819 irae.

508 852 659 907 ΜΕΝ.
695 851 873 906 Dulce
899 852 1031 905 satis
1054 869 1229 916 umor,
1258 852 1500 921 depulsis
1525 854 1753 907 arbutus
1775 853 1981 922 haediS,

435 939 613 993 Lenta
637 939 772 993 salix
796 939 910 992 feto
935 939 1139 1008 pecori,
1166 940 1304 992 mihi
1332 939 1479 994 solus
1503 942 1793 1007 Amyntas,

507 1026 661 1079 ΒΑΜ.
700 1025 881 1080 Pollio
907 1030 1053 1080 amat
1075 1031 1340 1094 nostram,
1372 1028 1621 1096 quamvis
1647 1034 1731 1082 est
1754 1027 1974 1096 rustica,
2004 1027 2214 1082 Musam
2238 1047 2250 1082 :

435 1112 698 1181 Pierides,
726 1112 956 1166 vitulam
979 1112 1173 1166 lectori
1198 1114 1407 1181 pascite
1430 1118 1633 1168 vestro.
2278 1134 2282 1136 -
2409 1117 2474 1168 85

506 1198 657 1253 ΜΕΝ.
695 1197 876 1251 Pollio
902 1203 959 1251 et
981 1198 1100 1266 ipse
1123 1199 1262 1252 facit
1286 1215 1433 1253 nova
1458 1200 1729 1254 carmina:
1770 1201 1980 1269 pascite
2006 1206 2242 1270 taurum,

435 1284 557 1339 Iam
582 1301 754 1338 cornu
778 1288 934 1353 petat
961 1289 1018 1337 et
1040 1285 1275 1352 pedibus
1300 1286 1390 1355 qui
1418 1292 1638 1355 spargat
1663 1286 1942 1342 harenam.

505 1372 661 1425 ΒΑΜ.
701 1370 810 1437 Qui
835 1377 906 1439 te,
935 1369 1131 1439 Pollio,
1161 1376 1325 1440 amat,
1353 1374 1556 1441 veniat,
1586 1390 1694 1441 quo
1719 1378 1776 1427 te
1802 1390 2018 1442 quoque
2043 1374 2275 1442 gaudet3

435 1459 602 1513 Mella
624 1458 800 1511 fiuant
824 1458 920 1525 illi,
949 1458 1092 1511 ferat
1118 1463 1174 1512 et
1198 1459 1369 1512 rubus
1393 1477 1553 1528 asper
1578 1477 1873 1514 amomum.

506 1546 658 1600 ΜΕΝ.
700 1545 809 1611 Qui
833 1544 1067 1599 Bavium
1090 1562 1203 1599 non
1232 1546 1362 1614 odit,
1393 1551 1541 1601 amet
1566 1551 1664 1601 tua
1688 1547 1947 1617 carmina,
1976 1547 2175 1616 Maevi,
2407 1552 2473 1601 90

436 1633 623 1703 Atque
646 1632 794 1686 idem
818 1632 1011 1700 iungat
1035 1632 1226 1700 volpes
1253 1638 1309 1686 et
1332 1633 1575 1701 mulgeat
1597 1634 1798 1688 hircos.

505 1719 663 1772 ΒΑΜ.
705 1717 813 1783 Qui
837 1717 1023 1786 legitis
1046 1717 1211 1771 fiores
1237 1723 1292 1771 et
1316 1718 1470 1771 humi
1497 1720 1781 1773 nascentia
1804 1720 1979 1790 fraga,

433 1806 703 1874 Frigidus,
733 1821 767 1858 o
790 1805 963 1873 pueri,
992 1805 1171 1873 fugite
1195 1804 1340 1873 hinc,
1371 1804 1507 1859 latet
1533 1808 1729 1875 anguis
1752 1807 1810 1859 in
1836 1807 2023 1862 herba.

504 1892 656 1947 ΜΕΝ.
694 1892 928 1960 Parcite,
958 1908 1104 1960 oves,
1135 1891 1370 1945 nimium
1396 1893 1725 1960 procedere:
1767 1910 1880 1945 non
1908 1894 2046 1947 bene
2069 1894 2222 1961 ripae

435 1979 722 2047 Creditur3
763 1980 881 2048 ipse
906 1980 1047 2033 aries
1072 1980 1238 2033 etiam
1263 1997 1413 2034 nunc
1444 1980 1647 2034 vellera
1670 1981 1854 2034 siccat.
2406 1982 2470 2033 95

503 2067 659 2120 ΒΑΜ.
699 2065 902 2132 Tityre,
929 2067 1204 2135 pascentis
1228 2083 1262 2119 a
1283 2066 1511 2121 flumine
1539 2067 1684 2121 reice
1710 2067 1973 2136 capellas:
2041 2075 2053 2081 ’

434 2151 561 2222 Ipse
585 2153 681 2206 ubi
706 2157 924 2220 tempus
949 2153 1069 2219 erit,
1100 2152 1279 2205 omnis
1302 2152 1359 2205 in
1385 2153 1545 2207 fonte
1569 2153 1782 2208 lavabo,

505 2238 658 2292 ΜΕΝ.
699 2237 895 2306 Oogite
922 2238 1055 2305 ovis,
1083 2239 1276 2307 pueri;
1318 2240 1364 2292 si
1388 2239 1473 2293 lac
1499 2243 1842 2309 praeceperit
1868 2246 2065 2309 aestus,

434 2324 514 2379 Ut
537 2341 728 2393 nuper,
756 2324 963 2378 frustra
986 2326 1358 2393 pressabimus
1384 2327 1552 2381 ubera
1576 2327 1787 2395 palmis

503 2411 660 2466 ΒΑΜ.
700 2410 840 2479 Heu,
862 2410 987 2479 heu,
1012 2428 1174 2480 quam
1193 2413 1384 2481 pingui
1403 2430 1587 2467 macer
1607 2424 1690 2467 est
1715 2414 1848 2467 mihi
1868 2418 2060 2467 taurus
2087 2414 2144 2467 in
2163 2416 2326 2469 ervo!
2368 2417 2471 2468 100

432 2497 590 2553 Idem
615 2515 771 2553 amor
798 2497 1026 2551 exitium
1052 2499 1238 2566 pecori
1263 2500 1584 2568 pecorisque
1609 2500 1892 2569 magistra

503 2585 654 2640 ΜΕΝ.
694 2583 799 2638 His
822 2588 973 2638 certe
998 2600 1176 2653 neque
1202 2602 1357 2639 amor
1383 2604 1547 2641 causa
1572 2591 1685 2641 est:
1727 2587 1823 2640 vix
1850 2587 2060 2641 ossibus
2082 2587 2329 2641 haerent.

432 2668 638 2724 Nescio
664 2669 785 2739 quis
808 2674 1028 2724 teneros
1053 2670 1242 2723 oculus
1263 2671 1402 2723 mihi
1427 2671 1660 2726 fascinat
1685 2688 1873 2740 agnos.

501 2756 660 2810 ΒΑΜ.
698 2756 821 2825 Dic,
852 2757 1048 2826 quibus
1071 2757 1129 2810 in
1155 2758 1451 2811 terris—et
1477 2759 1585 2812 eris
1607 2758 1745 2811 mihi
1770 2774 2002 2826 magnus
2027 2757 2307 2826 Apollo-—

434 2841 554 2896 Tris
576 2846 765 2912 pateat
789 2843 924 2897 caeli
950 2844 1187 2912 spatium
1212 2860 1327 2897 non
1351 2845 1587 2913 amplius
1610 2846 1784 2899 ulnas.
2370 2847 2470 2898 105

502 2928 650 2983 ΜΕΝ.
690 2929 810 2998 Dic,
840 2930 1037 2999 quibus
1061 2932 1119 2984 in
1146 2931 1308 2984 terris
1332 2931 1584 2999 inscripti
1608 2932 1833 2985 nomina
1856 2947 2049 2999 regum

430 3014 744 3070 Nascantur
767 3016 956 3085 fiores3
998 3023 1054 3071 et
1077 3016 1336 3084 Phyllida
1359 3016 1507 3071 solus
1531 3018 1749 3071 habeto,

501 3102 637 3157 ΡΑῙ..
676 3101 803 3157 Non
827 3109 1076 3157 nostrum
1103 3103 1250 3157 inter
1274 3121 1375 3158 vos
1400 3110 1582 3159 tantas
1607 3120 1936 3172 componere
1958 3104 2102 3159 lites,

430 3188 506 3243 Et
529 3189 700 3243 vitula
721 3194 785 3244 tn
811 3190 1023 3259 dignus,
1054 3195 1110 3244 et
1134 3190 1377 3259 hic,—et
1403 3191 1643 3260 quisquis
1668 3207 1884 3245 amores

430 3275 551 3329 Aut
575 3281 784 3330 metuet
809 3277 998 3347 dulciS,
1029 3283 1125 3332 aut
1151 3278 1469 3346 experietur
1493 3295 1726 3332 amaros.
2369 3280 2473 3333 110

433 3362 687 3418 Claudite
711 3363 822 3418 iam
847 3364 1011 3435 rivos,
1040 3365 1231 3434 pueri:
1275 3368 1362 3418 sat
1386 3368 1549 3434 prata
1572 3364 1849 3420 biberunt.
