<?xml version="1.0" encoding="UTF-8"?>
<!DOCTYPE html PUBLIC "-//W3C//DTD XHTML 1.0 Transitional//EN"
    "http://www.w3.org/TR/xhtml1/DTD/xhtml1-transitional.dtd">
<html xmlns="http://www.w3.org/1999/xhtml" xml:lang="en" lang="en">
 <head>
  <title>
</title>
<meta http-equiv="Content-Type" content="text/html;charset=utf-8" />
  <meta name='ocr-system' content='tesseract 3.04.00' />
  <meta name='ocr-capabilities' content='ocr_page ocr_carea ocr_par ocr_line ocrx_word'/>
</head>
<body>
  <div class='ocr_page' id='page_1' title='image "./bucolicsandfirs00friegoog_0231.png"; bbox 0 0 2725 3917; ppageno 0'>
   <div class='ocr_carea' id='block_1_1' title="bbox 929 202 1737 252">
    <p class='ocr_par' dir='ltr' id='par_1_1' title="bbox 929 202 1737 252">
     <span class='ocr_line' id='line_1_1' title="bbox 929 202 1737 252; baseline 0.002 -2"><span class='ocrx_word' id='word_1_1' title='bbox 929 202 1201 252; x_wconf 84' lang='lat' dir='ltr'>VERGILI</span> <span class='ocrx_word' id='word_1_2' title='bbox 1246 202 1578 252; x_wconf 81' lang='lat' dir='ltr'>AENEIDOS</span> <span class='ocrx_word' id='word_1_3' title='bbox 1623 204 1737 252; x_wconf 87' lang='lat' dir='ltr'><strong>VII.</strong></span> 
     </span>
    </p>
   </div>
   <div class='ocr_carea' id='block_1_2' title="bbox 307 363 2002 1994">
    <p class='ocr_par' dir='ltr' id='par_1_2' title="bbox 326 363 1621 432">
     <span class='ocr_line' id='line_1_2' title="bbox 326 363 1621 432; baseline 0.002 -16"><span class='ocrx_word' id='word_1_4' title='bbox 326 364 519 417; x_wconf 82' lang='lat' dir='ltr'><strong>Imbuit</strong></span> <span class='ocrx_word' id='word_1_5' title='bbox 544 367 601 417; x_wconf 88' lang='lat' dir='ltr'><strong>et</strong></span> <span class='ocrx_word' id='word_1_6' title='bbox 624 364 834 432; x_wconf 80' lang='lat' dir='ltr'>primae</span> <span class='ocrx_word' id='word_1_7' title='bbox 859 363 1138 418; x_wconf 89' lang='lat' dir='ltr'><strong>commisit</strong></span> <span class='ocrx_word' id='word_1_8' title='bbox 1162 364 1364 418; x_wconf 80' lang='lat' dir='ltr'><strong>funera</strong></span> <span class='ocrx_word' id='word_1_9' title='bbox 1388 381 1621 432; x_wconf 82' lang='lat' dir='ltr'><strong>pugnae,</strong></span> 
     </span>
    </p>

    <p class='ocr_par' dir='ltr' id='par_1_3' title="bbox 325 439 1801 605">
     <span class='ocr_line' id='line_1_3' title="bbox 325 439 1801 519; baseline 0.001 -15"><span class='ocrx_word' id='word_1_10' title='bbox 325 450 532 504; x_wconf 79' lang='lat' dir='ltr'>Deserit</span> <span class='ocrx_word' id='word_1_11' title='bbox 557 449 896 519; x_wconf 69' lang='lat' dir='ltr'><strong>Hesperiam,</strong></span> <span class='ocrx_word' id='word_1_12' title='bbox 924 455 981 504; x_wconf 91' lang='lat' dir='ltr'><strong>et</strong></span> <span class='ocrx_word' id='word_1_13' title='bbox 1005 449 1144 504; x_wconf 88' lang='lat' dir='ltr'><strong>caeli</strong></span> <span class='ocrx_word' id='word_1_14' title='bbox 1168 467 1438 504; x_wconf 84' lang='lat' dir='ltr'><strong>conversa</strong></span> <span class='ocrx_word' id='word_1_15' title='bbox 1462 467 1561 519; x_wconf 87' lang='lat' dir='ltr'><strong>per</strong></span> <span class='ocrx_word' id='word_1_16' title='bbox 1585 468 1746 506; x_wconf 85' lang='lat' dir='ltr'><strong>auras</strong></span> <span class='ocrx_word' id='word_1_17' title='bbox 1798 439 1801 442; x_wconf 37' lang='lat'>¹</span> 
     </span>
     <span class='ocr_line' id='line_1_4' title="bbox 325 536 1512 605; baseline 0 -15"><span class='ocrx_word' id='word_1_18' title='bbox 325 537 582 590; x_wconf 88' lang='lat' dir='ltr'><strong>Iunonem</strong></span> <span class='ocrx_word' id='word_1_19' title='bbox 610 536 810 589; x_wconf 83' lang='lat' dir='ltr'><strong>victrix</strong></span> <span class='ocrx_word' id='word_1_20' title='bbox 834 537 1057 591; x_wconf 76' lang='lat' dir='ltr'><strong>adfatur</strong></span> <span class='ocrx_word' id='word_1_21' title='bbox 1081 552 1220 590; x_wconf 84' lang='lat' dir='ltr'><strong>voce</strong></span> <span class='ocrx_word' id='word_1_22' title='bbox 1245 537 1512 605; x_wconf 89' lang='lat' dir='ltr'><strong>superba:</strong></span> 
     </span>
    </p>

    <p class='ocr_par' dir='ltr' id='par_1_4' title="bbox 328 622 1542 692">
     <span class='ocr_line' id='line_1_5' title="bbox 328 622 1542 692; baseline 0.001 -16"><span class='ocrx_word' id='word_1_23' title='bbox 328 623 465 692; x_wconf 83' lang='lat' dir='ltr'><strong>“En,</strong></span> <span class='ocrx_word' id='word_1_24' title='bbox 492 622 744 692; x_wconf 77' lang='lat' dir='ltr'><strong>perfecta</strong></span> <span class='ocrx_word' id='word_1_25' title='bbox 768 623 871 677; x_wconf 88' lang='lat' dir='ltr'><strong>tibi</strong></span> <span class='ocrx_word' id='word_1_26' title='bbox 896 622 1042 677; x_wconf 90' lang='lat' dir='ltr'><strong>bello</strong></span> <span class='ocrx_word' id='word_1_27' title='bbox 1066 622 1343 676; x_wconf 79' lang='lat' dir='ltr'><strong>discordia</strong></span> <span class='ocrx_word' id='word_1_28' title='bbox 1365 624 1542 677; x_wconf 75' lang='lat' dir='ltr'><strong>tristi!</strong></span> 
     </span>
    </p>

    <p class='ocr_par' dir='ltr' id='par_1_5' title="bbox 313 709 1886 1125">
     <span class='ocr_line' id='line_1_6' title="bbox 322 709 1685 779; baseline 0 -16"><span class='ocrx_word' id='word_1_29' title='bbox 322 710 431 779; x_wconf 88' lang='lat' dir='ltr'><strong>Dic,</strong></span> <span class='ocrx_word' id='word_1_30' title='bbox 458 711 520 763; x_wconf 88' lang='lat' dir='ltr'><strong>in</strong></span> <span class='ocrx_word' id='word_1_31' title='bbox 543 709 843 763; x_wconf 79' lang='lat' dir='ltr'><strong>amicitiam</strong></span> <span class='ocrx_word' id='word_1_32' title='bbox 869 714 1069 764; x_wconf 88' lang='lat' dir='ltr'><strong>coeant</strong></span> <span class='ocrx_word' id='word_1_33' title='bbox 1094 713 1152 763; x_wconf 91' lang='lat' dir='ltr'><strong>et</strong></span> <span class='ocrx_word' id='word_1_34' title='bbox 1174 710 1405 763; x_wconf 78' lang='lat' dir='ltr'><strong>foedera</strong></span> <span class='ocrx_word' id='word_1_35' title='bbox 1426 710 1685 778; x_wconf 86' lang='lat' dir='ltr'><strong>iungantl</strong></span> 
     </span>
     <span class='ocr_line' id='line_1_7' title="bbox 324 795 1886 868; baseline 0.001 -19"><span class='ocrx_word' id='word_1_36' title='bbox 324 795 770 864; x_wconf 81' lang='lat' dir='ltr'><strong>Quandoquidem</strong></span> <span class='ocrx_word' id='word_1_37' title='bbox 795 795 1048 849; x_wconf 86' lang='lat' dir='ltr'><strong>Ausonio</strong></span> <span class='ocrx_word' id='word_1_38' title='bbox 1075 796 1314 864; x_wconf 89' lang='lat' dir='ltr'><strong>respersi</strong></span> <span class='ocrx_word' id='word_1_39' title='bbox 1340 796 1606 864; x_wconf 83' lang='lat' dir='ltr'><strong>sanguine</strong></span> <span class='ocrx_word' id='word_1_40' title='bbox 1631 797 1886 868; x_wconf 87' lang='lat' dir='ltr'><strong>Teucros,</strong></span> 
     </span>
     <span class='ocr_line' id='line_1_8' title="bbox 313 882 1832 951; baseline 0.001 -13"><span class='ocrx_word' id='word_1_41' title='bbox 313 882 435 938; x_wconf 87' lang='lat' dir='ltr'><strong>Hoc</strong></span> <span class='ocrx_word' id='word_1_42' title='bbox 459 882 630 936; x_wconf 83' lang='lat' dir='ltr'><strong>etiam</strong></span> <span class='ocrx_word' id='word_1_43' title='bbox 653 883 742 936; x_wconf 87' lang='lat' dir='ltr'><strong>his</strong></span> <span class='ocrx_word' id='word_1_44' title='bbox 766 883 984 951; x_wconf 86' lang='lat' dir='ltr'><strong>addam,</strong></span> <span class='ocrx_word' id='word_1_45' title='bbox 1010 887 1110 937; x_wconf 87' lang='lat' dir='ltr'><strong>tua</strong></span> <span class='ocrx_word' id='word_1_46' title='bbox 1133 884 1178 936; x_wconf 90' lang='lat' dir='ltr'><strong>si</strong></span> <span class='ocrx_word' id='word_1_47' title='bbox 1202 883 1341 936; x_wconf 90' lang='lat' dir='ltr'><strong>mihi</strong></span> <span class='ocrx_word' id='word_1_48' title='bbox 1367 888 1521 937; x_wconf 90' lang='lat' dir='ltr'><strong>certa</strong></span> <span class='ocrx_word' id='word_1_49' title='bbox 1541 884 1832 939; x_wconf 83' lang='lat' dir='ltr'><strong>voluntas:</strong></span> 
     </span>
     <span class='ocr_line' id='line_1_9' title="bbox 320 968 1595 1037; baseline 0.002 -16"><span class='ocrx_word' id='word_1_50' title='bbox 320 968 600 1022; x_wconf 87' lang='lat' dir='ltr'><strong>Finitimas</strong></span> <span class='ocrx_word' id='word_1_51' title='bbox 623 969 684 1021; x_wconf 92' lang='lat' dir='ltr'><strong>in</strong></span> <span class='ocrx_word' id='word_1_52' title='bbox 706 969 852 1023; x_wconf 91' lang='lat' dir='ltr'><strong>bella</strong></span> <span class='ocrx_word' id='word_1_53' title='bbox 874 969 1050 1023; x_wconf 88' lang='lat' dir='ltr'><strong>feram</strong></span> <span class='ocrx_word' id='word_1_54' title='bbox 1075 969 1389 1024; x_wconf 89' lang='lat' dir='ltr'><strong>rumoribus</strong></span> <span class='ocrx_word' id='word_1_55' title='bbox 1413 969 1595 1037; x_wconf 87' lang='lat' dir='ltr'><strong>urbes,</strong></span> 
     </span>
     <span class='ocr_line' id='line_1_10' title="bbox 318 1055 1622 1125; baseline 0.002 -18"><span class='ocrx_word' id='word_1_56' title='bbox 318 1055 734 1125; x_wconf 88' lang='lat' dir='ltr'><strong>Accendamque</strong></span> <span class='ocrx_word' id='word_1_57' title='bbox 760 1056 972 1109; x_wconf 88' lang='lat' dir='ltr'><strong>animos</strong></span> <span class='ocrx_word' id='word_1_58' title='bbox 995 1056 1177 1109; x_wconf 90' lang='lat' dir='ltr'><strong>insani</strong></span> <span class='ocrx_word' id='word_1_59' title='bbox 1199 1055 1397 1110; x_wconf 76' lang='lat' dir='ltr'><strong>Martis</strong></span> <span class='ocrx_word' id='word_1_60' title='bbox 1416 1073 1622 1125; x_wconf 79' lang='lat' dir='ltr'><strong>amore,</strong></span> 
     </span>
    </p>

    <p class='ocr_par' dir='ltr' id='par_1_6' title="bbox 315 1141 2002 1386">
     <span class='ocr_line' id='line_1_11' title="bbox 321 1141 2002 1214; baseline 0.003 -19"><span class='ocrx_word' id='word_1_61' title='bbox 321 1141 566 1210; x_wconf 84' lang='lat' dir='ltr'><strong>Undique</strong></span> <span class='ocrx_word' id='word_1_62' title='bbox 593 1147 655 1195; x_wconf 84' lang='lat' dir='ltr'><strong>ut</strong></span> <span class='ocrx_word' id='word_1_63' title='bbox 679 1142 884 1195; x_wconf 87' lang='lat' dir='ltr'><strong>auxilio</strong></span> <span class='ocrx_word' id='word_1_64' title='bbox 908 1142 1164 1196; x_wconf 87' lang='lat' dir='ltr'><strong>veniant:</strong></span> <span class='ocrx_word' id='word_1_65' title='bbox 1205 1158 1460 1212; x_wconf 76' lang='lat' dir='ltr'><strong>spargam</strong></span> <span class='ocrx_word' id='word_1_66' title='bbox 1485 1160 1639 1197; x_wconf 87' lang='lat' dir='ltr'><strong>arma</strong></span> <span class='ocrx_word' id='word_1_67' title='bbox 1660 1161 1763 1212; x_wconf 89' lang='lat' dir='ltr'><strong>per</strong></span> <span class='ocrx_word' id='word_1_68' title='bbox 1788 1146 2002 1214; x_wconf 84' lang='lat' dir='ltr'><strong>agr0s.”</strong></span> 
     </span>
     <span class='ocr_line' id='line_1_12' title="bbox 318 1228 1952 1289; baseline 0.003 -7"><span class='ocrx_word' id='word_1_69' title='bbox 318 1228 672 1289; x_wconf 73' lang='lat' dir='ltr'><strong>Tumeontra</strong></span> <span class='ocrx_word' id='word_1_70' title='bbox 694 1228 868 1284; x_wconf 83' lang='lat' dir='ltr'><strong>Iuno:</strong></span> <span class='ocrx_word' id='word_1_71' title='bbox 913 1229 946 1258; x_wconf 89' lang='lat'><strong>“</strong></span> <span class='ocrx_word' id='word_1_72' title='bbox 960 1229 1253 1283; x_wconf 89' lang='lat' dir='ltr'><strong>Terrorum</strong></span> <span class='ocrx_word' id='word_1_73' title='bbox 1281 1235 1337 1283; x_wconf 92' lang='lat' dir='ltr'><strong>et</strong></span> <span class='ocrx_word' id='word_1_74' title='bbox 1359 1230 1569 1283; x_wconf 78' lang='lat' dir='ltr'><strong>fraudis</strong></span> <span class='ocrx_word' id='word_1_75' title='bbox 1593 1231 1811 1285; x_wconf 87' lang='lat' dir='ltr'><strong>abunde</strong></span> <span class='ocrx_word' id='word_1_76' title='bbox 1835 1238 1952 1287; x_wconf 78' lang='lat' dir='ltr'><strong>est:</strong></span> 
     </span>
     <span class='ocr_line' id='line_1_13' title="bbox 315 1315 1753 1386; baseline 0.001 -16"><span class='ocrx_word' id='word_1_77' title='bbox 315 1315 475 1370; x_wconf 80' lang='lat' dir='ltr'><strong>Stant</strong></span> <span class='ocrx_word' id='word_1_78' title='bbox 499 1315 630 1368; x_wconf 92' lang='lat' dir='ltr'><strong>belli</strong></span> <span class='ocrx_word' id='word_1_79' title='bbox 656 1332 881 1369; x_wconf 87' lang='lat' dir='ltr'><strong>causae:</strong></span> <span class='ocrx_word' id='word_1_80' title='bbox 925 1320 1206 1384; x_wconf 85' lang='lat' dir='ltr'><strong>pugnatur</strong></span> <span class='ocrx_word' id='word_1_81' title='bbox 1228 1316 1536 1370; x_wconf 84' lang='lat' dir='ltr'><strong>comminus</strong></span> <span class='ocrx_word' id='word_1_82' title='bbox 1559 1318 1753 1386; x_wconf 79' lang='lat' dir='ltr'><strong>armis3</strong></span> 
     </span>
    </p>

    <p class='ocr_par' dir='ltr' id='par_1_7' title="bbox 313 1401 1873 1645">
     <span class='ocr_line' id='line_1_14' title="bbox 318 1401 1873 1471; baseline 0.002 -16"><span class='ocrx_word' id='word_1_83' title='bbox 318 1401 466 1467; x_wconf 80' lang='lat' dir='ltr'><strong>Quae</strong></span> <span class='ocrx_word' id='word_1_84' title='bbox 489 1401 608 1455; x_wconf 77' lang='lat' dir='ltr'><strong>fors</strong></span> <span class='ocrx_word' id='word_1_85' title='bbox 631 1402 814 1470; x_wconf 87' lang='lat' dir='ltr'><strong>prima</strong></span> <span class='ocrx_word' id='word_1_86' title='bbox 838 1402 1009 1471; x_wconf 83' lang='lat' dir='ltr'><strong>dedit,</strong></span> <span class='ocrx_word' id='word_1_87' title='bbox 1038 1402 1258 1470; x_wconf 83' lang='lat' dir='ltr'><strong>sanguis</strong></span> <span class='ocrx_word' id='word_1_88' title='bbox 1281 1419 1461 1457; x_wconf 84' lang='lat' dir='ltr'><strong>novus</strong></span> <span class='ocrx_word' id='word_1_89' title='bbox 1484 1404 1685 1457; x_wconf 78' lang='lat' dir='ltr'><strong>imbuit</strong></span> <span class='ocrx_word' id='word_1_90' title='bbox 1703 1421 1873 1459; x_wconf 86' lang='lat' dir='ltr'><strong>arma.</strong></span> 
     </span>
     <span class='ocr_line' id='line_1_15' title="bbox 314 1488 1637 1557; baseline 0.002 -16"><span class='ocrx_word' id='word_1_91' title='bbox 314 1489 464 1543; x_wconf 88' lang='lat' dir='ltr'><strong>Talia</strong></span> <span class='ocrx_word' id='word_1_92' title='bbox 487 1490 742 1557; x_wconf 84' lang='lat' dir='ltr'><strong>coniugia</strong></span> <span class='ocrx_word' id='word_1_93' title='bbox 765 1494 823 1543; x_wconf 89' lang='lat' dir='ltr'><strong>et</strong></span> <span class='ocrx_word' id='word_1_94' title='bbox 848 1488 974 1542; x_wconf 86' lang='lat' dir='ltr'><strong>talis</strong></span> <span class='ocrx_word' id='word_1_95' title='bbox 999 1488 1278 1543; x_wconf 86' lang='lat' dir='ltr'><strong>celebrent</strong></span> <span class='ocrx_word' id='word_1_96' title='bbox 1301 1489 1637 1555; x_wconf 85' lang='lat' dir='ltr'><strong>hymenaeos</strong></span> 
     </span>
     <span class='ocr_line' id='line_1_16' title="bbox 313 1575 1678 1645; baseline 0.002 -17"><span class='ocrx_word' id='word_1_97' title='bbox 313 1576 606 1645; x_wconf 82' lang='lat' dir='ltr'><strong>Egregium</strong></span> <span class='ocrx_word' id='word_1_98' title='bbox 633 1575 872 1630; x_wconf 88' lang='lat' dir='ltr'><strong>Veneris</strong></span> <span class='ocrx_word' id='word_1_99' title='bbox 896 1592 1068 1644; x_wconf 88' lang='lat' dir='ltr'><strong>genus</strong></span> <span class='ocrx_word' id='word_1_100' title='bbox 1092 1581 1149 1630; x_wconf 89' lang='lat' dir='ltr'><strong>et</strong></span> <span class='ocrx_word' id='word_1_101' title='bbox 1172 1593 1270 1629; x_wconf 85' lang='lat' dir='ltr'><strong>rex</strong></span> <span class='ocrx_word' id='word_1_102' title='bbox 1294 1576 1412 1645; x_wconf 88' lang='lat' dir='ltr'><strong>ipse</strong></span> <span class='ocrx_word' id='word_1_103' title='bbox 1434 1576 1678 1631; x_wconf 73' lang='lat' dir='ltr'><strong>Latinus</strong></span> 
     </span>
    </p>

    <p class='ocr_par' dir='ltr' id='par_1_8' title="bbox 313 1662 1553 1731">
     <span class='ocr_line' id='line_1_17' title="bbox 313 1662 1553 1731; baseline 0.001 -15"><span class='ocrx_word' id='word_1_104' title='bbox 313 1662 389 1717; x_wconf 91' lang='lat' dir='ltr'><strong>Te</strong></span> <span class='ocrx_word' id='word_1_105' title='bbox 413 1680 579 1731; x_wconf 90' lang='lat' dir='ltr'><strong>super</strong></span> <span class='ocrx_word' id='word_1_106' title='bbox 604 1662 878 1716; x_wconf 83' lang='lat' dir='ltr'><strong>aetherias</strong></span> <span class='ocrx_word' id='word_1_107' title='bbox 903 1679 1086 1716; x_wconf 85' lang='lat' dir='ltr'><strong>errare</strong></span> <span class='ocrx_word' id='word_1_108' title='bbox 1109 1662 1365 1716; x_wconf 87' lang='lat' dir='ltr'><strong>licentius</strong></span> <span class='ocrx_word' id='word_1_109' title='bbox 1392 1680 1553 1717; x_wconf 86' lang='lat' dir='ltr'><strong>auras</strong></span> 
     </span>
    </p>

    <p class='ocr_par' dir='ltr' id='par_1_9' title="bbox 312 1749 1742 1819">
     <span class='ocr_line' id='line_1_18' title="bbox 312 1749 1742 1819; baseline 0 -15"><span class='ocrx_word' id='word_1_110' title='bbox 312 1750 475 1805; x_wconf 88' lang='lat' dir='ltr'><strong>Haud</strong></span> <span class='ocrx_word' id='word_1_111' title='bbox 503 1751 672 1805; x_wconf 82' lang='lat' dir='ltr'><strong>Pater</strong></span> <span class='ocrx_word' id='word_1_112' title='bbox 695 1750 790 1804; x_wconf 89' lang='lat' dir='ltr'><strong>ille</strong></span> <span class='ocrx_word' id='word_1_113' title='bbox 815 1750 962 1816; x_wconf 83' lang='lat' dir='ltr'><strong>velit,</strong></span> <span class='ocrx_word' id='word_1_114' title='bbox 990 1750 1190 1803; x_wconf 89' lang='lat' dir='ltr'><strong>summi</strong></span> <span class='ocrx_word' id='word_1_115' title='bbox 1215 1754 1475 1817; x_wconf 82' lang='lat' dir='ltr'><strong>regnator</strong></span> <span class='ocrx_word' id='word_1_116' title='bbox 1501 1749 1742 1819; x_wconf 75' lang='lat' dir='ltr'><strong>Olympi.</strong></span> 
     </span>
    </p>

    <p class='ocr_par' dir='ltr' id='par_1_10' title="bbox 307 1837 1896 1994">
     <span class='ocr_line' id='line_1_19' title="bbox 313 1837 1896 1906; baseline 0 -15"><span class='ocrx_word' id='word_1_117' title='bbox 313 1838 461 1892; x_wconf 85' lang='lat' dir='ltr'><strong>Cede</strong></span> <span class='ocrx_word' id='word_1_118' title='bbox 482 1838 634 1892; x_wconf 77' lang='lat' dir='ltr'><strong>locis,</strong></span> <span class='ocrx_word' id='word_1_119' title='bbox 707 1837 845 1906; x_wconf 86' lang='lat' dir='ltr'><strong>Ego,</strong></span> <span class='ocrx_word' id='word_1_120' title='bbox 874 1837 1055 1906; x_wconf 83' lang='lat' dir='ltr'><strong>siqua</strong></span> <span class='ocrx_word' id='word_1_121' title='bbox 1077 1853 1241 1905; x_wconf 90' lang='lat' dir='ltr'><strong>super</strong></span> <span class='ocrx_word' id='word_1_122' title='bbox 1263 1837 1497 1890; x_wconf 73' lang='lat' dir='ltr'><strong>fortuna</strong></span> <span class='ocrx_word' id='word_1_123' title='bbox 1519 1837 1770 1890; x_wconf 89' lang='lat' dir='ltr'><strong>laborum</strong></span> <span class='ocrx_word' id='word_1_124' title='bbox 1798 1843 1896 1905; x_wconf 78' lang='lat' dir='ltr'><strong>est,</strong></span> 
     </span>
     <span class='ocr_line' id='line_1_20' title="bbox 307 1922 1678 1994; baseline -0.001 -17"><span class='ocrx_word' id='word_1_125' title='bbox 307 1925 437 1993; x_wconf 89' lang='lat' dir='ltr'><strong>Ipsa</strong></span> <span class='ocrx_word' id='word_1_126' title='bbox 457 1924 704 1994; x_wconf 83' lang='lat' dir='ltr'><strong>regam.&#39;‘-</strong></span> <span class='ocrx_word' id='word_1_127' title='bbox 774 1923 922 1977; x_wconf 88' lang='lat' dir='ltr'><strong>Talis</strong></span> <span class='ocrx_word' id='word_1_128' title='bbox 946 1922 1174 1978; x_wconf 80' lang='lat' dir='ltr'><strong>dederat</strong></span> <span class='ocrx_word' id='word_1_129' title='bbox 1198 1923 1461 1977; x_wconf 85' lang='lat' dir='ltr'><strong>Saturnia</strong></span> <span class='ocrx_word' id='word_1_130' title='bbox 1484 1940 1678 1991; x_wconf 79' lang='lat' dir='ltr'><strong>voces3</strong></span> 
     </span>
    </p>
   </div>
   <div class='ocr_carea' id='block_1_3' title="bbox 212 2010 1615 2078">
    <p class='ocr_par' dir='ltr' id='par_1_11' title="bbox 212 2010 1615 2078">
     <span class='ocr_line' id='line_1_21' title="bbox 212 2010 1615 2078; baseline -0.001 -14"><span class='ocrx_word' id='word_1_131' title='bbox 212 2022 215 2025; x_wconf 82' lang='grc'><strong><em>’</em></strong></span> <span class='ocrx_word' id='word_1_132' title='bbox 306 2012 413 2066; x_wconf 87' lang='lat' dir='ltr'><strong>Illa</strong></span> <span class='ocrx_word' id='word_1_133' title='bbox 436 2017 622 2067; x_wconf 87' lang='lat' dir='ltr'><strong>autem</strong></span> <span class='ocrx_word' id='word_1_134' title='bbox 648 2010 853 2065; x_wconf 82' lang='lat' dir='ltr'><strong>attollit</strong></span> <span class='ocrx_word' id='word_1_135' title='bbox 875 2010 1161 2065; x_wconf 81' lang='lat' dir='ltr'><strong>stridentis</strong></span> <span class='ocrx_word' id='word_1_136' title='bbox 1192 2010 1462 2078; x_wconf 86' lang='lat' dir='ltr'><strong>anguibus</strong></span> <span class='ocrx_word' id='word_1_137' title='bbox 1486 2010 1615 2077; x_wconf 83' lang='lat' dir='ltr'><strong>alas,</strong></span> 
     </span>
    </p>
   </div>
   <div class='ocr_carea' id='block_1_4' title="bbox 290 2099 1823 3554">
    <p class='ocr_par' dir='ltr' id='par_1_12' title="bbox 299 2099 1823 2587">
     <span class='ocr_line' id='line_1_22' title="bbox 307 2099 1722 2168; baseline -0.001 -14"><span class='ocrx_word' id='word_1_138' title='bbox 307 2099 615 2168; x_wconf 78' lang='lat' dir='ltr'><strong>Cocytique</strong></span> <span class='ocrx_word' id='word_1_139' title='bbox 642 2099 785 2168; x_wconf 88' lang='lat' dir='ltr'><strong>petit</strong></span> <span class='ocrx_word' id='word_1_140' title='bbox 808 2099 1010 2167; x_wconf 86' lang='lat' dir='ltr'><strong>sedem,</strong></span> <span class='ocrx_word' id='word_1_141' title='bbox 1039 2115 1238 2167; x_wconf 81' lang='lat' dir='ltr'><strong>supera</strong></span> <span class='ocrx_word' id='word_1_142' title='bbox 1260 2099 1435 2152; x_wconf 82' lang='lat' dir='ltr'><strong>ardua</strong></span> <span class='ocrx_word' id='word_1_143' title='bbox 1455 2099 1722 2167; x_wconf 80' lang='lat' dir='ltr'><strong>linquens,</strong></span> 
     </span>
     <span class='ocr_line' id='line_1_23' title="bbox 304 2185 1617 2253; baseline -0.002 -13"><span class='ocrx_word' id='word_1_144' title='bbox 304 2185 412 2240; x_wconf 76' lang='lat' dir='ltr'><strong>Est</strong></span> <span class='ocrx_word' id='word_1_145' title='bbox 433 2186 589 2240; x_wconf 87' lang='lat' dir='ltr'><strong>loeus</strong></span> <span class='ocrx_word' id='word_1_146' title='bbox 615 2186 808 2241; x_wconf 87' lang='lat' dir='ltr'><strong>Italiae</strong></span> <span class='ocrx_word' id='word_1_147' title='bbox 834 2186 1017 2240; x_wconf 87' lang='lat' dir='ltr'><strong>medio</strong></span> <span class='ocrx_word' id='word_1_148' title='bbox 1043 2186 1144 2239; x_wconf 89' lang='lat' dir='ltr'><strong>sub</strong></span> <span class='ocrx_word' id='word_1_149' title='bbox 1169 2186 1453 2239; x_wconf 86' lang='lat' dir='ltr'><strong>montibus</strong></span> <span class='ocrx_word' id='word_1_150' title='bbox 1475 2185 1617 2253; x_wconf 84' lang='lat' dir='ltr'><strong>altis,</strong></span> 
     </span>
     <span class='ocr_line' id='line_1_24' title="bbox 303 2270 1590 2341; baseline -0.001 -16"><span class='ocrx_word' id='word_1_151' title='bbox 303 2270 527 2326; x_wconf 81' lang='lat' dir='ltr'><strong>Nobilis</strong></span> <span class='ocrx_word' id='word_1_152' title='bbox 552 2277 608 2326; x_wconf 91' lang='lat' dir='ltr'><strong>et</strong></span> <span class='ocrx_word' id='word_1_153' title='bbox 630 2273 783 2327; x_wconf 80' lang='lat' dir='ltr'><strong>fama</strong></span> <span class='ocrx_word' id='word_1_154' title='bbox 804 2273 993 2326; x_wconf 90' lang='lat' dir='ltr'><strong>multis</strong></span> <span class='ocrx_word' id='word_1_155' title='bbox 1017 2278 1355 2326; x_wconf 86' lang='lat' dir='ltr'><strong>memoratus</strong></span> <span class='ocrx_word' id='word_1_156' title='bbox 1379 2272 1437 2325; x_wconf 91' lang='lat' dir='ltr'><strong>in</strong></span> <span class='ocrx_word' id='word_1_157' title='bbox 1463 2273 1590 2341; x_wconf 82' lang='lat' dir='ltr'><strong>oris,</strong></span> 
     </span>
     <span class='ocr_line' id='line_1_25' title="bbox 302 2359 1778 2428; baseline -0.001 -15"><span class='ocrx_word' id='word_1_158' title='bbox 302 2359 636 2428; x_wconf 79' lang='lat' dir='ltr'><strong>Ampsancti</strong></span> <span class='ocrx_word' id='word_1_159' title='bbox 660 2360 859 2426; x_wconf 82' lang='lat' dir='ltr'><strong>valles3</strong></span> <span class='ocrx_word' id='word_1_160' title='bbox 900 2359 1086 2414; x_wconf 87' lang='lat' dir='ltr'><strong>densis</strong></span> <span class='ocrx_word' id='word_1_161' title='bbox 1108 2359 1257 2413; x_wconf 90' lang='lat' dir='ltr'><strong>hunc</strong></span> <span class='ocrx_word' id='word_1_162' title='bbox 1281 2359 1570 2413; x_wconf 82' lang='lat' dir='ltr'><strong>frondibus</strong></span> <span class='ocrx_word' id='word_1_163' title='bbox 1595 2364 1778 2412; x_wconf 80' lang='lat' dir='ltr'><strong>atrum</strong></span> 
     </span>
     <span class='ocr_line' id='line_1_26' title="bbox 301 2445 1823 2516; baseline -0.001 -17"><span class='ocrx_word' id='word_1_164' title='bbox 301 2445 482 2515; x_wconf 84' lang='lat' dir='ltr'><strong>Urget</strong></span> <span class='ocrx_word' id='word_1_165' title='bbox 505 2447 781 2516; x_wconf 88' lang='lat' dir='ltr'><strong>utrimque</strong></span> <span class='ocrx_word' id='word_1_166' title='bbox 803 2446 949 2501; x_wconf 81' lang='lat' dir='ltr'><strong>latus</strong></span> <span class='ocrx_word' id='word_1_167' title='bbox 972 2447 1229 2513; x_wconf 78' lang='lat' dir='ltr'><strong>nemoriS,</strong></span> <span class='ocrx_word' id='word_1_168' title='bbox 1257 2445 1548 2514; x_wconf 88' lang='lat' dir='ltr'><strong>medioque</strong></span> <span class='ocrx_word' id='word_1_169' title='bbox 1573 2445 1823 2513; x_wconf 86' lang='lat' dir='ltr'><strong>fragosus</strong></span> 
     </span>
     <span class='ocr_line' id='line_1_27' title="bbox 299 2531 1604 2587; baseline 0 -1"><span class='ocrx_word' id='word_1_170' title='bbox 299 2531 417 2587; x_wconf 86' lang='lat' dir='ltr'><strong>Dat</strong></span> <span class='ocrx_word' id='word_1_171' title='bbox 440 2533 687 2587; x_wconf 88' lang='lat' dir='ltr'><strong>sonitum</strong></span> <span class='ocrx_word' id='word_1_172' title='bbox 711 2534 856 2587; x_wconf 85' lang='lat' dir='ltr'><strong>saxis</strong></span> <span class='ocrx_word' id='word_1_173' title='bbox 880 2540 937 2587; x_wconf 90' lang='lat' dir='ltr'><strong>et</strong></span> <span class='ocrx_word' id='word_1_174' title='bbox 960 2538 1112 2587; x_wconf 87' lang='lat' dir='ltr'><strong>torto</strong></span> <span class='ocrx_word' id='word_1_175' title='bbox 1137 2533 1346 2587; x_wconf 86' lang='lat' dir='ltr'><strong>vertice</strong></span> <span class='ocrx_word' id='word_1_176' title='bbox 1372 2539 1604 2587; x_wconf 81' lang='lat' dir='ltr'><strong>torrens.</strong></span> 
     </span>
    </p>

    <p class='ocr_par' dir='ltr' id='par_1_13' title="bbox 295 2618 1809 2949">
     <span class='ocr_line' id='line_1_28' title="bbox 299 2618 1721 2689; baseline -0.001 -16"><span class='ocrx_word' id='word_1_177' title='bbox 299 2618 411 2673; x_wconf 84' lang='lat' dir='ltr'><strong>Hic</strong></span> <span class='ocrx_word' id='word_1_178' title='bbox 436 2636 631 2688; x_wconf 81' lang='lat' dir='ltr'><strong>specus</strong></span> <span class='ocrx_word' id='word_1_179' title='bbox 654 2620 995 2673; x_wconf 81' lang='lat' dir='ltr'><strong>horrendum</strong></span> <span class='ocrx_word' id='word_1_180' title='bbox 1021 2624 1080 2673; x_wconf 88' lang='lat' dir='ltr'><strong>et</strong></span> <span class='ocrx_word' id='word_1_181' title='bbox 1104 2621 1253 2674; x_wconf 84' lang='lat' dir='ltr'><strong>saevi</strong></span> <span class='ocrx_word' id='word_1_182' title='bbox 1279 2619 1551 2689; x_wconf 84' lang='lat' dir='ltr'><strong>spiracula</strong></span> <span class='ocrx_word' id='word_1_183' title='bbox 1573 2619 1721 2673; x_wconf 90' lang='lat' dir='ltr'><strong>Ditis</strong></span> 
     </span>
     <span class='ocr_line' id='line_1_29' title="bbox 297 2706 1809 2775; baseline 0.001 -16"><span class='ocrx_word' id='word_1_184' title='bbox 297 2706 708 2775; x_wconf 86' lang='lat' dir='ltr'><strong>Monstrantur,</strong></span> <span class='ocrx_word' id='word_1_185' title='bbox 739 2711 1011 2775; x_wconf 87' lang='lat' dir='ltr'><strong>ruptoque</strong></span> <span class='ocrx_word' id='word_1_186' title='bbox 1035 2706 1230 2775; x_wconf 89' lang='lat' dir='ltr'><strong>ingens</strong></span> <span class='ocrx_word' id='word_1_187' title='bbox 1257 2707 1577 2761; x_wconf 90' lang='lat' dir='ltr'><strong>Acheronte</strong></span> <span class='ocrx_word' id='word_1_188' title='bbox 1603 2722 1809 2775; x_wconf 85' lang='lat' dir='ltr'><strong>vorago</strong></span> 
     </span>
     <span class='ocr_line' id='line_1_30' title="bbox 297 2791 1670 2862; baseline 0.001 -18"><span class='ocrx_word' id='word_1_189' title='bbox 297 2791 610 2847; x_wconf 81' lang='lat' dir='ltr'><strong>Pestiferas</strong></span> <span class='ocrx_word' id='word_1_190' title='bbox 633 2792 811 2861; x_wconf 85' lang='lat' dir='ltr'><strong>aperit</strong></span> <span class='ocrx_word' id='word_1_191' title='bbox 834 2792 1033 2861; x_wconf 83' lang='lat' dir='ltr'><strong>fauces,</strong></span> <span class='ocrx_word' id='word_1_192' title='bbox 1063 2794 1184 2862; x_wconf 88' lang='lat' dir='ltr'><strong>quis</strong></span> <span class='ocrx_word' id='word_1_193' title='bbox 1207 2794 1431 2847; x_wconf 85' lang='lat' dir='ltr'><strong>condita</strong></span> <span class='ocrx_word' id='word_1_194' title='bbox 1452 2793 1670 2862; x_wconf 69' lang='lat' dir='ltr'><strong>ErinJS,</strong></span> 
     </span>
     <span class='ocr_line' id='line_1_31' title="bbox 295 2877 1606 2949; baseline 0.003 -18"><span class='ocrx_word' id='word_1_195' title='bbox 295 2877 552 2932; x_wconf 81' lang='lat' dir='ltr'><strong>Invisum</strong></span> <span class='ocrx_word' id='word_1_196' title='bbox 574 2895 799 2947; x_wconf 88' lang='lat' dir='ltr'><strong>numen,</strong></span> <span class='ocrx_word' id='word_1_197' title='bbox 826 2884 1003 2933; x_wconf 86' lang='lat' dir='ltr'><strong>terras</strong></span> <span class='ocrx_word' id='word_1_198' title='bbox 1027 2879 1346 2949; x_wconf 82' lang='lat' dir='ltr'><strong>caelumque</strong></span> <span class='ocrx_word' id='word_1_199' title='bbox 1369 2880 1606 2935; x_wconf 87' lang='lat' dir='ltr'><strong>levabat.</strong></span> 
     </span>
    </p>

    <p class='ocr_par' dir='ltr' id='par_1_14' title="bbox 290 2965 1811 3554">
     <span class='ocr_line' id='line_1_32' title="bbox 368 2965 1710 3022; baseline 0.003 -4"><span class='ocrx_word' id='word_1_200' title='bbox 368 2965 430 3018; x_wconf 83' lang='lat' dir='ltr'>N</span> <span class='ocrx_word' id='word_1_201' title='bbox 432 2982 494 3019; x_wconf 91' lang='lat' dir='ltr'><strong>ec</strong></span> <span class='ocrx_word' id='word_1_202' title='bbox 518 2966 701 3019; x_wconf 87' lang='lat' dir='ltr'><strong>minus</strong></span> <span class='ocrx_word' id='word_1_203' title='bbox 719 2966 934 3020; x_wconf 81' lang='lat' dir='ltr'><strong>interea</strong></span> <span class='ocrx_word' id='word_1_204' title='bbox 951 2971 1257 3021; x_wconf 85' lang='lat' dir='ltr'><strong>extremam</strong></span> <span class='ocrx_word' id='word_1_205' title='bbox 1280 2966 1539 3022; x_wconf 83' lang='lat' dir='ltr'><strong>Saturnia</strong></span> <span class='ocrx_word' id='word_1_206' title='bbox 1562 2967 1710 3022; x_wconf 88' lang='lat' dir='ltr'><strong>bello</strong></span> 
     </span>
     <span class='ocr_line' id='line_1_33' title="bbox 295 3050 1743 3120; baseline 0.004 -17"><span class='ocrx_word' id='word_1_207' title='bbox 295 3050 549 3120; x_wconf 81' lang='lat' dir='ltr'><strong>Imponit</strong></span> <span class='ocrx_word' id='word_1_208' title='bbox 572 3052 764 3120; x_wconf 88' lang='lat' dir='ltr'><strong>regina</strong></span> <span class='ocrx_word' id='word_1_209' title='bbox 785 3069 1027 3107; x_wconf 89' lang='lat' dir='ltr'><strong>manum.</strong></span> <span class='ocrx_word' id='word_1_210' title='bbox 1101 3052 1236 3106; x_wconf 87' lang='lat' dir='ltr'><strong>Ruit</strong></span> <span class='ocrx_word' id='word_1_211' title='bbox 1263 3054 1442 3108; x_wconf 86' lang='lat' dir='ltr'><strong>omnis</strong></span> <span class='ocrx_word' id='word_1_212' title='bbox 1463 3054 1524 3107; x_wconf 93' lang='lat' dir='ltr'><strong>in</strong></span> <span class='ocrx_word' id='word_1_213' title='bbox 1545 3056 1743 3109; x_wconf 87' lang='lat' dir='ltr'><strong>urbem</strong></span> 
     </span>
     <span class='ocr_line' id='line_1_34' title="bbox 291 3136 1773 3210; baseline 0.003 -19"><span class='ocrx_word' id='word_1_214' title='bbox 291 3136 595 3192; x_wconf 86' lang='lat' dir='ltr'><strong>Pastorum</strong></span> <span class='ocrx_word' id='word_1_215' title='bbox 620 3156 691 3192; x_wconf 83' lang='lat' dir='ltr'><strong>ex</strong></span> <span class='ocrx_word' id='word_1_216' title='bbox 716 3138 831 3192; x_wconf 84' lang='lat' dir='ltr'><strong>acie</strong></span> <span class='ocrx_word' id='word_1_217' title='bbox 858 3156 1129 3206; x_wconf 65' lang='lat' dir='ltr'><strong>numeriae,</strong></span> <span class='ocrx_word' id='word_1_218' title='bbox 1161 3156 1459 3209; x_wconf 86' lang='lat' dir='ltr'><strong>caesosque</strong></span> <span class='ocrx_word' id='word_1_219' title='bbox 1483 3147 1773 3210; x_wconf 86' lang='lat' dir='ltr'><strong>reportant</strong></span> 
     </span>
     <span class='ocr_line' id='line_1_35' title="bbox 294 3223 1586 3295; baseline 0.004 -19"><span class='ocrx_word' id='word_1_220' title='bbox 294 3223 604 3279; x_wconf 84' lang='lat' dir='ltr'><strong>Almonem</strong></span> <span class='ocrx_word' id='word_1_221' title='bbox 627 3241 864 3293; x_wconf 90' lang='lat' dir='ltr'><strong>puerum</strong></span> <span class='ocrx_word' id='word_1_222' title='bbox 887 3225 1202 3295; x_wconf 85' lang='lat' dir='ltr'><strong>foedatique</strong></span> <span class='ocrx_word' id='word_1_223' title='bbox 1227 3243 1327 3280; x_wconf 87' lang='lat' dir='ltr'><strong>ora</strong></span> <span class='ocrx_word' id='word_1_224' title='bbox 1351 3226 1586 3293; x_wconf 82' lang='lat' dir='ltr'><strong>Galaesi,</strong></span> 
     </span>
     <span class='ocr_line' id='line_1_36' title="bbox 293 3309 1676 3381; baseline 0.004 -19"><span class='ocrx_word' id='word_1_225' title='bbox 293 3309 721 3381; x_wconf 88' lang='lat' dir='ltr'><strong>Implorantque</strong></span> <span class='ocrx_word' id='word_1_226' title='bbox 745 3311 892 3379; x_wconf 76' lang='lat' dir='ltr'><strong>dece,</strong></span> <span class='ocrx_word' id='word_1_227' title='bbox 921 3312 1376 3381; x_wconf 77' lang='lat' dir='ltr'><strong>obtestanturque</strong></span> <span class='ocrx_word' id='word_1_228' title='bbox 1402 3313 1676 3367; x_wconf 85' lang='lat' dir='ltr'><strong>Latinum.</strong></span> 
     </span>
     <span class='ocr_line' id='line_1_37' title="bbox 290 3396 1811 3467; baseline 0.001 -18"><span class='ocrx_word' id='word_1_229' title='bbox 290 3396 518 3452; x_wconf 86' lang='lat' dir='ltr'><strong>Turnus</strong></span> <span class='ocrx_word' id='word_1_230' title='bbox 542 3398 715 3466; x_wconf 83' lang='lat' dir='ltr'><strong>adest,</strong></span> <span class='ocrx_word' id='word_1_231' title='bbox 743 3397 1037 3466; x_wconf 79' lang='lat' dir='ltr'><strong>medioque</strong></span> <span class='ocrx_word' id='word_1_232' title='bbox 1061 3399 1121 3451; x_wconf 92' lang='lat' dir='ltr'><strong>in</strong></span> <span class='ocrx_word' id='word_1_233' title='bbox 1146 3399 1378 3452; x_wconf 89' lang='lat' dir='ltr'><strong>crimine</strong></span> <span class='ocrx_word' id='word_1_234' title='bbox 1404 3400 1589 3452; x_wconf 87' lang='lat' dir='ltr'><strong>caedis</strong></span> <span class='ocrx_word' id='word_1_235' title='bbox 1614 3405 1670 3452; x_wconf 91' lang='lat' dir='ltr'><strong>et</strong></span> <span class='ocrx_word' id='word_1_236' title='bbox 1697 3400 1811 3467; x_wconf 87' lang='lat' dir='ltr'><strong>igni</strong></span> 
     </span>
     <span class='ocr_line' id='line_1_38' title="bbox 290 3482 1755 3554; baseline 0.001 -19"><span class='ocrx_word' id='word_1_237' title='bbox 290 3482 591 3540; x_wconf 86' lang='lat' dir='ltr'><strong>Terrorem</strong></span> <span class='ocrx_word' id='word_1_238' title='bbox 615 3485 956 3554; x_wconf 85' lang='lat' dir='ltr'><strong>ingeminat:</strong></span> <span class='ocrx_word' id='word_1_239' title='bbox 997 3484 1235 3539; x_wconf 86' lang='lat' dir='ltr'><strong>Teucros</strong></span> <span class='ocrx_word' id='word_1_240' title='bbox 1259 3486 1318 3538; x_wconf 94' lang='lat' dir='ltr'><strong>in</strong></span> <span class='ocrx_word' id='word_1_241' title='bbox 1342 3501 1514 3553; x_wconf 84' lang='lat' dir='ltr'><strong>regna</strong></span> <span class='ocrx_word' id='word_1_242' title='bbox 1538 3485 1755 3552; x_wconf 78' lang='lat' dir='ltr'><strong>vocari3</strong></span> 
     </span>
    </p>
   </div>
   <div class='ocr_carea' id='block_1_5' title="bbox 2241 631 2346 681">
    <p class='ocr_par' dir='ltr' id='par_1_15' title="bbox 2241 631 2346 681">
     <span class='ocr_line' id='line_1_39' title="bbox 2241 631 2346 681; baseline 0.01 -1"><span class='ocrx_word' id='word_1_243' title='bbox 2241 631 2346 681; x_wconf 83' lang='lat'><strong>545</strong></span> 
     </span>
    </p>
   </div>
   <div class='ocr_carea' id='block_1_6' title="bbox 2236 1064 2346 1115">
    <p class='ocr_par' dir='ltr' id='par_1_16' title="bbox 2236 1064 2346 1115">
     <span class='ocr_line' id='line_1_40' title="bbox 2236 1064 2346 1115; baseline 0.018 -3"><span class='ocrx_word' id='word_1_244' title='bbox 2236 1064 2346 1115; x_wconf 88' lang='grc'><strong>550</strong></span> 
     </span>
    </p>
   </div>
   <div class='ocr_carea' id='block_1_7' title="bbox 2235 1497 2343 1548">
    <p class='ocr_par' dir='ltr' id='par_1_17' title="bbox 2235 1497 2343 1548">
     <span class='ocr_line' id='line_1_41' title="bbox 2235 1497 2343 1548; baseline -0.009 0"><span class='ocrx_word' id='word_1_245' title='bbox 2235 1497 2343 1548; x_wconf 88' lang='grc'><strong>555</strong></span> 
     </span>
    </p>
   </div>
   <div class='ocr_carea' id='block_1_8' title="bbox 2234 1928 2395 1986">
    <p class='ocr_par' dir='ltr' id='par_1_18' title="bbox 2234 1928 2395 1986">
     <span class='ocr_line' id='line_1_42' title="bbox 2234 1928 2395 1986; baseline 0.043 -7"><span class='ocrx_word' id='word_1_246' title='bbox 2234 1928 2344 1980; x_wconf 87' lang='grc'><strong>560</strong></span> <span class='ocrx_word' id='word_1_247' title='bbox 2389 1982 2395 1986; x_wconf 90' lang='grc'>.</span> 
     </span>
    </p>
   </div>
   <div class='ocr_carea' id='block_1_9' title="bbox 2235 2364 2341 2413">
    <p class='ocr_par' dir='ltr' id='par_1_19' title="bbox 2235 2364 2341 2413">
     <span class='ocr_line' id='line_1_43' title="bbox 2235 2364 2341 2413; baseline 0 0"><span class='ocrx_word' id='word_1_248' title='bbox 2235 2364 2341 2413; x_wconf 86' lang='grc'><strong>565</strong></span> 
     </span>
    </p>
   </div>
   <div class='ocr_carea' id='block_1_10' title="bbox 2235 2795 2342 2851">
    <p class='ocr_par' dir='ltr' id='par_1_20' title="bbox 2235 2795 2342 2851">
     <span class='ocr_line' id='line_1_44' title="bbox 2235 2795 2342 2851; baseline -0.009 -1"><span class='ocrx_word' id='word_1_249' title='bbox 2235 2795 2342 2851; x_wconf 77' lang='grc'><strong>570</strong></span> 
     </span>
    </p>
   </div>
   <div class='ocr_carea' id='block_1_11' title="bbox 2235 3229 2339 3285">
    <p class='ocr_par' dir='ltr' id='par_1_21' title="bbox 2235 3229 2339 3285">
     <span class='ocr_line' id='line_1_45' title="bbox 2235 3229 2339 3285; baseline 0 -3"><span class='ocrx_word' id='word_1_250' title='bbox 2235 3229 2339 3285; x_wconf 79' lang='lat'><strong>575</strong></span> 
     </span>
    </p>
   </div>
  </div>
 </body>
</html>
