2725 3917
1012 247 1288 297 VERGILI
1331 247 1660 296 AENEIDOS
1705 247 1845 297 VIII.

405 408 633 462 Auxilio
657 408 832 461 laetos
858 407 1154 475 dimittam,
1183 407 1488 475 opibusque
1511 408 1729 461 iuvabo.

404 495 627 548 Interea
651 510 805 547 sacra
828 493 980 561 haec,
1010 493 1230 562 quando
1254 493 1363 546 huc
1389 494 1619 547 venistis
1643 493 1822 561 amici,

404 581 624 648 Annua,
656 596 794 648 quae
820 579 1045 633 differre
1069 580 1245 646 nefaS,
1275 580 1550 633 celebrate
1574 580 1821 633 faventes

405 666 727 733 Nobiscum,
757 671 813 719 et
838 667 947 719 iam
973 683 1123 720 nunc
1148 667 1420 721 sociorum
1449 666 1755 720 adsuescite
1778 666 2040 720 mensiS.”

448 819 453 823 ·
474 752 626 806 Haec
650 753 747 806 ubi
773 752 938 821 dicta,
966 752 1134 821 dapes
1159 753 1313 806 iubet
1338 760 1396 807 et
1420 753 1639 807 sublata
1659 753 1853 821 reponi
2339 753 2433 809 175

403 839 621 908 Pocula,
649 841 1041 908 gramineoque
1067 839 1216 892 viros
1241 840 1390 893 locat
1414 840 1534 908 ipse
1556 840 1732 905 sedili,

403 926 877 995 Praecipuumque
899 931 1024 979 toro
1049 931 1107 980 et
1133 925 1311 979 villosi
1335 925 1480 995 pelle
1504 926 1679 980 leonis

404 1013 627 1081 Accipit
652 1013 900 1077 Aenean,
932 1012 1180 1081 solioque
1205 1011 1410 1066 invitat
1435 1028 1656 1067 acerno·

403 1101 539 1154 Tum
564 1100 695 1153 lecti
720 1100 947 1152 iuvenes
971 1099 1227 1152 certatim
1256 1115 1492 1167 araequc
1517 1100 1773 1154 sacerdos

404 1186 636 1240 Viscera
659 1190 808 1239 tosta
831 1185 1022 1237 ferunt
1047 1192 1346 1252 taurorum,
1378 1187 1725 1254 onerantque
1745 1185 1999 1240 canistris
2333 1187 2432 1237 180

403 1272 568 1325 Dona
590 1271 872 1324 laboratae
897 1270 1128 1339 Cereris,
1160 1269 1548 1341 Bacchumque
1571 1272 1906 1327 ministrant.

404 1357 664 1413 Vescitur
688 1358 908 1410 Aeneas
931 1356 1094 1410 simul
1118 1360 1175 1409 et
1203 1357 1441 1411 Troiana
1462 1361 1722 1413 iuventus

402 1443 664 1513 Perpetui
689 1449 847 1511 tergo
873 1442 1031 1497 bovis
1057 1448 1114 1495 et
1138 1442 1456 1500 lustralibus
1479 1446 1638 1499 extis.

472 1531 770 1598 Postquam
798 1533 1057 1598 exempta
1081 1530 1259 1583 fames
1287 1536 1345 1584 et
1364 1547 1521 1585 amor
1545 1548 1892 1601 compressus
1916 1531 2130 1599 edendi,

402 1617 521 1671 Rex
546 1616 837 1672 Euandrus
862 1617 968 1671 ait:
1013 1619 1047 1645 “
1065 1616 1194 1670 Νο11
1219 1617 1357 1671 11000
1383 1617 1672 1673 sollemnia
1693 1618 1869 1693 nobis,
2331 1619 2428 1670 185

401 1704 516 1757 Has
541 1720 609 1757 ex
634 1720 788 1757 more
812 1703 994 1773 dapes,
1025 1703 1168 1757 hanc
1194 1704 1336 1758 tanti
1363 1704 1608 1758 numinis
1631 1721 1782 1759 aram

402 1789 565 1845 Vana
587 1790 907 1858 superstitio
934 1794 1292 1859 veterumque
1317 1790 1512 1862 ignara
1536 1790 1766 1845 deorum

400 1876 698 1947 Imposuit:
739 1877 932 1946 saevis,
961 1877 1162 1947 hospes
1185 1877 1437 1947 Troiane,
1463 1878 1687 1945 periclis

401 1964 618 2019 Servati
641 1965 876 2019 facimus
899 1965 1234 2034 meritosque
1262 1982 1532 2019 novamus
1555 1966 1809 2019 honores,

401 2051 518 2105 Iam
544 2053 782 2121 primum
809 2054 955 2106 saxis
981 2069 1299 2121 suspensam
1326 2053 1473 2107 hanc
1498 2053 1683 2121 aspice
1706 2068 1930 2121 rupem:
2330 2054 2432 2103 190

400 2137 674 2191 Disiectae
698 2138 893 2207 procul
917 2143 980 2191 ut
1002 2138 1191 2206 moles,
1223 2137 1548 2207 desertaque
1572 2138 1779 2191 montis

400 2222 523 2277 Stat
547 2223 758 2290 domus,
787 2229 844 2277 et
869 2224 1083 2292 scopuli
1107 2224 1387 2292 ingentem
1413 2230 1634 2279 traxere
1658 2227 1891 2279 ruinam.

399 2309 507 2364 Hic
531 2309 792 2378 spelunca
815 2309 940 2376 fuit,
969 2315 1129 2364 vasto
1155 2309 1411 2363 submota
1434 2326 1667 2379 recessu,

399 2396 788 2452 semihominis
812 2396 943 2451 Caci
965 2396 1137 2451 facies
1161 2412 1328 2465 quam
1355 2396 1478 2450 dira
1499 2398 1738 2465 tenebat,

398 2483 541 2539 Solis
563 2486 897 2541 inaccessam
925 2485 1125 2553 radiis3
1169 2501 1493 2554 semperque
1519 2485 1729 2538 recenti
2329 2486 2430 2537 195

397 2570 580 2627 Caede
603 2574 829 2642 tepebat
852 2574 1069 2639 humus,
1099 2574 1420 2642 foribusque
1439 2571 1622 2627 adfixa
1644 2572 1894 2641 superbis

396 2655 512 2713 Ora
534 2660 715 2713 virum
740 2660 886 2714 tristi
913 2661 1227 2729 pendebant
1252 2659 1461 2729 pallida
1482 2659 1630 2713 tabo.

396 2742 540 2799 Huic
563 2750 812 2801 monstro
837 2746 1119 2801 Volcanus
1146 2753 1267 2801 erat
1291 2751 1483 2815 pater:
1524 2745 1670 2799 illius
1696 2750 1846 2800 atros

396 2830 509 2885 Ore
533 2849 760 2887 vomens
785 2834 928 2902 ignis
951 2850 1150 2902 magna
1175 2850 1233 2887 se
1258 2833 1406 2887 mole
1432 2833 1664 2888 ferebat.

395 2917 606 2972 Attulit
630 2923 688 2973 et
709 2921 870 2974 nobis
894 2919 1190 2989 aliquando
1214 2920 1537 2988 optantibus
1561 2926 1713 2975 aetas
2324 2920 2430 2972 200

393 3003 682 3059 Auxilium
706 3005 1116 3075 adventumque
1142 3004 1249 3059 dei.
1327 3004 1472 3060 Nam
1500 3007 1774 3060 maximus
1797 3004 1962 3073 ultor,

394 3089 702 3160 Tergemini
728 3108 863 3146 nece
894 3091 1187 3158 Geryonae
1212 3090 1508 3161 spoliisque
1532 3092 1812 3160 superbus,

396 3177 616 3233 Alcides
640 3179 844 3248 aderat,
870 3184 1168 3245 taurosque
1190 3177 1297 3231 1100
1322 3177 1502 3231 victor
1527 3177 1725 3245 agebat

393 3263 653 3334 Ingentis,
683 3265 989 3333 vallemque
1012 3264 1184 3317 boves
1208 3279 1535 3332 amnemque
1559 3263 1840 3318 tenebant.

392 3349 473 3402 At
496 3350 651 3404 furiis
677 3350 808 3405 Caci
832 3365 990 3404 mens
1016 3348 1196 3416 effera,
1225 3365 1296 3401 ne
1321 3348 1454 3418 quid
1478 3349 1734 3402 inausum
2322 3349 2429 3401 205

391 3433 510 3489 Aut
533 3436 887 3490 intractatum
914 3434 1203 3488 scelerisve
1229 3434 1412 3487 dolive
1435 3434 1644 3501 fuisset,

392 3518 669 3583 Quattuor
692 3537 725 3574 a
749 3520 979 3575 stabulis
1001 3518 1302 3588 praestanti
1330 3534 1562 3588 corpore
1586 3522 1777 3572 tauros
