2725 3917
992 244 1267 295 vanem
1312 244 1643 321 AxNumos
1687 244 1777 294 v1.

372 406 550 471 Quem
574 405 675 459 tibi
699 405 970 474 longaevo
994 421 1176 459 serum
1202 405 1432 459 Lavinia
1457 405 1702 459 coniunx

370 491 585 544 Educet
609 492 757 544 silvis
781 508 969 560 regem
993 508 1295 561 regumque
1321 496 1608 560 parentem
1631 510 1644 559 ;

371 576 533 630 Unde
556 594 727 645 genus
751 578 942 647 Longa
964 583 1215 632 nostrum
1239 578 1617 632 dominabitur
1642 578 1807 633 Alba.
1854 570 1859 574 ’

370 662 664 717 Proximus
689 664 781 718 ille
806 665 1025 733 Procas,
1054 664 1323 719 Troianae
1348 666 1525 734 gloria
1549 666 1745 733 gentis,

369 749 444 803 Et
469 750 665 819 Capys,
695 756 753 804 et
775 750 1053 819 Numitor,
1084 756 1141 805 et
1165 752 1257 820 qui
1281 757 1339 805 te
1363 753 1590 806 nomine
1612 752 1824 816 reddet,

370 837 571 891 Silvius
594 837 829 904 Aeneas,
858 838 1069 907 pariter
1091 838 1300 907 pietate
1327 839 1417 892 vel
1441 840 1610 893 armis

368 923 651 993 Egregius,
680 926 725 978 si
751 942 1008 994 umquam
1034 926 1373 994 regnandam
1399 925 1674 994 acceperit
1698 924 1921 980 Albam.

371 1011 479 1076 Qui
503 1012 754 1067 iuvenes!
798 1017 1031 1082 quantas
1055 1018 1355 1082 ostentant,
1388 1013 1587 1081 aspice,
1617 1012 1766 1079 viris,

368 1098 553 1167 Atque
578 1100 831 1153 umbrata
855 1105 1054 1169 gerunt
1079 1100 1227 1153 civili
1253 1104 1508 1168 tempora
1532 1101 1764 1168 quercu!

367 1185 442 1238 Hi
466 1187 568 1240 tibi
594 1186 933 1240 Nomentum
960 1193 1016 1241 et
1042 1187 1249 1240 Gabios
1273 1187 1580 1255 urbemque
1605 1186 1888 1257 Fidenam,

367 1272 442 1325 Hi
469 1273 771 1327 Collatinas
794 1274 1081 1342 imponent
1105 1274 1388 1327 montibus
1408 1290 1579 1341 arces,

366 1360 647 1414 Pometios
672 1361 1038 1429 Castrumque
1061 1361 1187 1414 Inui
1212 1360 1515 1429 Bolamque
1542 1360 1870 1429 Ooramque.

367 1447 519 1500 Haec
543 1451 662 1501 tum
687 1449 914 1502 nomina
938 1453 1114 1517 erunt,
1147 1465 1293 1502 nunc
1319 1456 1449 1502 sunt
1473 1448 1591 1501 sine
1613 1449 1835 1503 nomine
1860 1459 2058 1504 terrae.

369 1534 516 1599 Quin
541 1539 598 1588 et
622 1551 727 1588 avo
752 1536 1009 1600 comitem
1035 1553 1156 1590 sese
1179 1536 1486 1590 Mavortius
1514 1535 1683 1590 addet

366 1620 649 1690 RomuluS,
677 1620 933 1678 Assaraci
959 1639 1121 1692 quem
1147 1624 1427 1692 sanguinis
1455 1622 1562 1680 Ilia
1587 1628 1767 1677 mater

366 1707 596 1762 Educet.
672 1708 892 1779 Viden’,
922 1715 984 1763 ut
1008 1712 1261 1780 geminae
1291 1717 1442 1766 stant
1465 1713 1675 1768 vertice
1699 1715 1914 1784 cristae,

364 1794 439 1848 Et
463 1803 617 1863 pater
640 1796 758 1865 ipse
782 1813 883 1851 suo
907 1813 1164 1866 superum
1192 1799 1299 1853 iam
1327 1800 1511 1868 signat
1538 1801 1752 1856 honore
1778 1804 1799 1857 2

366 1881 467 1950 En,
496 1882 669 1952 huiuS‚
699 1889 842 1953 nate,
871 1886 1125 1954 auspiciis
1148 1886 1244 1940 illa
1268 1886 1480 1942 incluta
1504 1888 1683 1944 Roma

367 1968 665 2038 Imperium
689 1973 866 2037 terris,
898 1974 1113 2027 animos
1136 1975 1397 2042 aequabit
1423 1975 1679 2045 Olymp0‚

366 2055 697 2125 Septemque
721 2074 833 2112 una
857 2059 961 2112 sibi
986 2077 1147 2113 muro
1176 2061 1544 2116 circumdabit
1569 2079 1739 2132 arces,

365 2142 518 2195 Felix
544 2144 700 2210 prole
725 2145 903 2196 virum
925 2163 937 2198 ε
980 2146 1156 2213 qualis
1181 2146 1516 2213 Berecyntia
1540 2155 1720 2205 mater

363 2227 655 2281 Invehitur
681 2246 844 2283 curru
871 2231 1140 2300 Phrygias
1166 2233 1371 2288 turrita
1394 2251 1493 2302 per
1519 2237 1699 2305 urbes,

363 2314 535 2368 Laeta
556 2314 718 2368 deum
743 2322 922 2386 partu,
951 2324 1172 2372 centum
1201 2323 1488 2390 complexa
1514 2321 1762 2395 nepotes,

366 2400 561 2453 Omnis
581 2401 883 2471 caelicolas,
913 2406 1092 2459 omnis
1117 2422 1315 2475 supera
1341 2410 1456 2464 alta
1478 2414 1738 2468 tenentis,

365 2487 490 2542 Huc
511 2490 757 2556 geminas
782 2507 928 2545 nuuc
953 2492 1112 2547 flecte
1137 2496 1297 2567 acie8‚
1331 2497 1476 2553 hane
1501 2501 1686 2569 aspice
1709 2505 1927 2568 gentem

364 2574 754 2645 Romanosque
778 2581 921 2631 tuos,
995 2579 1102 2634 Hic
1128 2581 1329 2637 Caesar
1354 2590 1412 2639 et
1436 2587 1615 2640 omnis
1640 2588 1747 2641 Iuli

364 2661 678 2730 Progenies,
706 2680 966 2731 magnum
991 2667 1129 2720 caeli
1160 2676 1395 2726 ventura
1420 2674 1520 2727 sub
1548 2690 1724 2728 axem.

365 2747 470 2801 Hic
493 2749 594 2816 vir,
621 2749 712 2802 hic
737 2757 833 2818 est,
863 2752 965 2805 tibi
990 2770 1150 2822 quem
1180 2758 1430 2824 promitti
1456 2762 1674 2830 saepius
1699 2761 1872 2830 audis,

365 2834 648 2902 Augustus
674 2835 889 2907 Caesar,
918 2839 1049 2894 Divi
1075 2859 1263 2911 genus,
1298 2861 1468 2900 aurea
1491 2849 1696 2903 condet

365 2921 595 2976 Saecula
618 2923 710 2990 qui
733 2940 923 2979 rursus
947 2926 1107 2982 Latio
1133 2937 1365 2998 regnata
1388 2950 1487 3002 per
1512 2953 1646 2990 arva

365 3008 601 3062 Saturno
626 3010 919 3080 quondam,
950 3031 1115 3084 super
1139 3021 1197 3070 et
1221 3018 1586 3076 Garamantas
1610 3028 1668 3076 et
1692 3022 1861 3076 Indos

362 3095 615 3149 Proferet
637 3096 961 3167 imperium;
1003 3102 1148 3157 iacet
1172 3109 1334 3159 extra
1357 3107 1540 3161 sidera
1562 3108 1742 3176 tellus,

362 3181 537 3237 Extra
562 3185 691 3238 anni
720 3185 959 3255 solisque
983 3189 1117 3257 vias,
1146 3191 1238 3244 ubi
1266 3193 1487 3246 caelifer
1511 3194 1674 3248 Atlas

364 3270 544 3325 Axem
570 3288 761 3326 umero
785 3279 1010 3343 torquet
1035 3276 1211 3330 stellis
1237 3278 1561 3333 ardentibus
1586 3284 1796 3350 aptum.

365 3355 543 3411 Huius
566 3359 624 3411 in
649 3360 950 3414 adventum
975 3362 1085 3416 iam
1109 3379 1258 3416 nunc
1285 3368 1342 3417 et
1367 3363 1569 3433 Caspia
1592 3383 1762 3434 regna

363 3441 662 3513 Responsis
685 3446 915 3501 horrent
940 3448 1124 3502 divom
1152 3453 1210 3504 et
1236 3449 1478 3504 Maeotia
1500 3452 1681 3519 tellus,

362 3527 437 3581 Et
458 3535 875 3601 septemgemini
897 3537 1124 3590 turbant
1151 3537 1369 3605 trepida
1392 3537 1533 3592 ostia
1557 3538 1691 3592 Nili.

2301 491 2401 549 '765

2300 927 2402 984 770

2297 1362 2399 1420 '7⁷5

2295 1802 2328 1858 ’ἲ
2331 1806 2400 1855 80

2294 2238 2396 2295 '785

2293 2676 2398 2732 ¹790

2293 3110 2396 3166 795
