2725 3917
1044 247 1322 297 VERGILI
1364 247 1500 295 AEN
1502 246 1693 295 EIDOS
1736 245 1799 295 V.

409 410 510 463 Ille
535 410 635 464 sub
660 410 827 464 haec:
872 410 906 437 “
926 407 1056 462 Non
1080 408 1258 461 laudis
1281 425 1449 477 amor,
1476 425 1579 462 nec
1604 407 1778 475 gloria
1802 407 1965 460 cessit

408 497 574 549 Pulsa
598 502 749 550 metu
770 515 782 563 3
825 495 920 549 sed
946 495 1091 549 enim
1116 494 1328 563 gelidus
1353 495 1608 548 tardante
1634 499 1856 547 senecta

409 583 641 652 Sanguis
666 583 846 651 hebet,
874 582 1190 650 frigentque
1216 582 1417 636 effetae
1441 583 1496 634 in
1525 597 1756 649 corpore
1792 580 1953 634 vires.

408 669 467 722 Si
491 669 646 737 mihi,
675 685 814 738 quae
838 668 1116 738 quondam
1142 669 1336 736 fuerat,
1367 684 1579 736 quaque
1599 667 1884 736 improbus
1907 667 2016 720 iste

407 755 665 810 Exsultat
689 755 879 824 fidenS,
908 756 954 808 si
978 772 1125 808 nunc
1149 755 1299 808 foret
1322 755 1419 808 illa
1442 757 1710 822 iuventas,

408 842 573 895 Haud
599 842 850 911 equidem
875 842 1055 911 pretio
1080 841 1339 894 inductus
1362 841 1705 909 pulchroque
1729 842 1967 894 iuvenco

408 929 730 997 Venissem3
770 946 873 982 nec
897 929 1043 982 dona
1066 928 1308 982 moror.'’
1385 928 1477 981 Sic
1503 927 1703 981 deinde
1722 927 1940 981 locutus

407 1016 475 1070 In
500 1017 743 1070 medium
759 1003 1019 1085 'geminos
1040 1016 1268 1068 immani
1292 1015 1540 1083 pondere
1566 1020 1780 1068 caestus

405 1104 664 1172 Proiecit,
693 1104 890 1173 quibus
913 1119 1038 1157 acer
1062 1102 1215 1169 Eryx
1241 1103 1297 1153 in
1323 1102 1536 1170 proelia
1560 1107 1747 1156 suetus

407 1191 577 1244 Ferre
602 1207 825 1245 manum
853 1189 1102 1257 duroque
1127 1189 1415 1242 intendere
1440 1189 1703 1244 bracchia
1725 1195 1903 1256 tergo,

409 1277 739 1346 Obstipuere
765 1276 963 1330 animi:
1004 1279 1286 1329 tantorum
1310 1276 1561 1345 ingentia
1595 1281 1806 1345 septem

408 1365 586 1433 Terga
610 1365 777 1418 boum
801 1363 1027 1432 plumbo
1051 1363 1237 1416 insuto
1260 1364 1522 1432 ferroque
1547 1364 1818 1431 rigebant.

407 1451 560 1504 Ante
586 1452 764 1504 omnis
789 1454 975 1519 stupet
998 1450 1116 1519 ipse
1140 1450 1333 1518 Dares,
1362 1451 1634 1520 longeque
1658 1453 1904 1517 recusat3

406 1529 898 1605 Magnanimusque
926 1536 1294 1592 Anchisiades
1318 1542 1374 1591 et
1397 1538 1618 1606 pondus
1640 1541 1698 1590 et
1719 1537 1841 1605 ipsa

408 1623 534 1678 Huc
558 1623 688 1677 illuc
713 1624 1016 1678 vinclorum
1042 1625 1309 1677 immensa
1333 1625 1615 1677 volumina
1637 1627 1835 1677 versat.

409 1710 547 1763 Tum
572 1710 755 1764 senior
779 1710 905 1764 talis
931 1711 1209 1766 referebat
1231 1716 1457 1781 pectore
1481 1727 1678 1765 voces:

412 1798 447 1825 “
465 1796 626 1865 Quid,
655 1798 702 1850 si
730 1798 851 1866 quis
877 1801 1091 1852 caestus
1114 1799 1284 1868 ipsius
1309 1804 1365 1851 et
1390 1798 1645 1851 Herculis
1669 1813 1823 1850 arma

408 1883 657 1940 Vidisset
682 1887 1004 1956 tristemque
1028 1886 1136 1940 hoc
1161 1886 1280 1954 ipso
1305 1886 1360 1937 in
1385 1884 1550 1938 litore
1573 1884 1850 1952 pugnam?

408 1970 561 2026 Haec
586 1990 878 2041 germanus
900 1973 1053 2039 Eryx
1080 1973 1357 2040 quondam
1383 1976 1511 2025 tuus
1535 1987 1689 2025 arma
1712 1970 1942 2038 gerebat
1959 1988 2049 2038 3—-

409 2058 682 2126 Sanguine
708 2061 886 2113 cernis
913 2059 1090 2112 adhuc
1115 2075 1413 2127 sparsoque
1446 2058 1657 2111 infecta
1683 2056 1910 2111 cerebro
1927 2076 2017 2124 3—

410 2143 512 2197 His
535 2160 795 2213 magnum
821 2144 1058 2198 Alciden
1083 2149 1278 2198 contra
1303 2145 1490 2211 stetit3
1530 2145 1620 2197 his
1645 2161 1747 2212 ego
1772 2147 1977 2213 suetuS,

408 2227 557 2282 Dum
580 2230 777 2285 melior
801 2231 935 2284 viris
959 2231 1176 2298 sanguis
1202 2230 1386 2298 dabat,
1416 2231 1631 2284 aemula
1654 2229 1888 2284 necdum

410 2316 769 2385 Temporibus
794 2317 1027 2386 geminis
1052 2317 1287 2371 canebat
1312 2334 1502 2385 sparsa
1534 2322 1802 2372 senectus,

411 2403 519 2457 Sed
545 2405 590 2457 si
614 2411 805 2459 nostra
827 2404 1007 2460 Dares
1029 2404 1168 2464 haec
1198 2405 1394 2460 Troius
1418 2423 1573 2460 arma
1595 2409 1830 2472 recusat,

409 2490 582 2560 quue
606 2494 698 2561 pio
723 2494 876 2548 sedet
901 2494 1140 2562 Aeneae,
1178 2494 1379 2562 probat
1406 2498 1599 2547 auctor
1624 2492 1872 2560 AcesteS,

408 2578 725 2647 Aequemus
747 2597 976 2649 pugnae.
1054 2580 1252 2647 Erycis
1276 2581 1381 2634 tibi
1406 2590 1564 2647 terga
1588 2580 1816 2633 remitto

409 2663 647 2718 —Solve
672 2670 980 2719 metus—et
1004 2669 1067 2719 tu
1092 2645 1358 2724 Troianii's
1385 2681 1524 2718 exue
1549 2663 1816 2718 caestus.’‘

410 2748 563 2803 Haec
585 2751 734 2804 fatus
758 2751 1030 2821 duplicem
1058 2769 1127 2806 ex
1153 2752 1356 2806 umeris
1383 2750 1575 2805 reiecit
1601 2750 1881 2817 amictum,

409 2837 481 2890 Et
505 2854 735 2908 magnos
758 2841 1132 2895 membrorum
1159 2845 1324 2907 artuS,
1356 2856 1560 2908 magna
1585 2855 1708 2892 ossa
1729 2838 2075 2906 lacertosque

409 2923 597 2993 Exuit,
627 2930 790 2994 atque
815 2926 1007 2995 ingens
1031 2927 1213 2981 media
1237 2927 1491 2980 consistit
1506 2926 1733 2980 harena.

411 3012 546 3064 Tum
574 3017 722 3065 satus
748 3012 993 3067 Anchisa
1018 3018 1230 3067 caestus
1255 3017 1413 3083 pater
1440 3012 1638 3067 extulit
1665 3028 1884 3079 aequos,

409 3099 481 3152 Et
504 3099 729 3167 paribus
751 3100 963 3166 palmas
987 3100 1276 3154 amborum
1299 3100 1555 3154 innexuit
1580 3100 1766 3153 armis,

412 3186 678 3240 Constitit
701 3187 761 3239 in
786 3186 984 3255 digitos
1009 3187 1290 3256 extemplo
1315 3191 1562 3242 arrectus
1586 3192 1836 3255 uterque,

408 3272 786 3343 Bracchiaque
812 3274 881 3328 ad
907 3291 1131 3342 superas
1156 3274 1445 3328 interritus
1470 3273 1671 3327 extulit
1696 3289 1872 3327 aurae.

411 3361 712 3415 Abduxere
736 3365 888 3415 retro
913 3360 1078 3428 longe
1102 3362 1285 3430 capita
1308 3361 1481 3415 ardua
1507 3361 1576 3415 ab
1600 3360 1731 3428 ictu,

410 3446 840 3518 Immiscentque
865 3465 1059 3503 manus
1080 3448 1349 3516 manibuS,
1378 3464 1730 3516 pugnamque
1754 3446 2061 3515 lacessunt3

411 3533 513 3588 Ille
536 3534 736 3603 pedum
763 3535 957 3590 melior
982 3539 1154 3604 motu,
1183 3535 1472 3603 fretusque
1496 3534 1737 3601 iuventa,

2330 496 2435 548 395

2328 932 2435 981 400

2328 1366 2434 1417 405

2330 1800 2437 1851 410

2334 2231 2437 2283 415

2333 2665 2439 2716 420

2333 3098 2439 3150 425

2335 3534 2442 3586 430
