2725 3917
880 253 1154 303 VERGILI
1200 252 1531 301 AENEIDOS
1574 252 1717 302 V111.

295 415 518 481 Avertit,
545 413 782 468 totidem
804 414 989 468 forma
1011 419 1305 482 superante
1329 413 1604 466 iuvencas.

296 504 463 571 Atque
486 502 605 571 hos,
634 517 704 554 ne
731 517 839 570 qua
862 501 1044 555 forent
1066 499 1301 568 pedibus
1324 499 1557 567 vestigia
1575 500 1757 567 rectis,

297 590 467 645 Gauda
487 589 548 642 in
573 588 890 657 speluncam
917 593 1127 641 tractos
1152 586 1435 655 versisque
1460 586 1675 639 viarum

293 676 498 730 Iudiciis
522 680 712 744 raptos
737 690 871 728 saxo
897 674 1211 729 occultabat
1235 689 1425 741 opaco,

295 763 573 829 Quaerenti
599 761 754 816 nulla
778 762 846 815 ad
876 761 1194 830 speluncam
1224 761 1380 828 signa
1403 760 1674 814 ferebant.

292 851 510 918 Interea,
540 866 663 902 cum
688 849 796 902 iam
823 847 1056 901 stabulis
1085 852 1333 901 saturata
1354 852 1608 900 moveret·
1738 838 1746 847 ’

291 935 806 1005 Amphitryoniades
830 938 1082 990 armenta
1107 934 1425 1001 abitumque
1448 941 1686 1001 pararet,

290 1024 530 1078 Discessu
552 1024 766 1091 mugire
788 1024 974 1090 boves,
1003 1026 1168 1091 atque
1192 1036 1356 1074 omne
1382 1020 1619 1088 querelis

289 1110 501 1179 Impleri
523 1126 733 1178 nemus,
762 1114 817 1163 et
841 1108 1009 1164 colles
1032 1107 1548 1176 clamorerelinqui.

287 1197 538 1251 Reddidit
561 1213 673 1250 una
696 1196 866 1250 boum
890 1212 1083 1250 vocem
1107 1199 1374 1263 vastoque
1399 1194 1501 1248 sub
1527 1199 1689 1248 antro

285 1284 473 1353 Mugiit
497 1289 554 1338 et
572 1284 706 1338 Caci
729 1300 883 1353 spem
908 1283 1186 1338 custodita
1207 1281 1422 1336 fefeuit.

285 1372 383 1425 Hic
406 1389 539 1426 vero
563 1371 795 1425 Alcidae
819 1372 978 1425 furiis
1000 1374 1282 1425 exarserat
1303 1373 1429 1423 atro

283 1458 425 1513 Felle
444 1459 636 1525 dolor;
675 1459 822 1527 rapit
844 1476 999 1512 arma
1020 1474 1188 1512 manu
1214 1456 1482 1524 nodisque
1508 1459 1797 1524 gravatum

281 1545 480 1612 Robur,
510 1551 566 1599 et
591 1546 725 1600 aerii
751 1562 914 1599 cursu
939 1546 1081 1613 petit
1106 1544 1277 1599 ardua
1301 1543 1523 1597 montis.

281 1633 413 1686 Tum
436 1633 678 1701 primum
700 1633 878 1687 nostri
902 1633 1106 1687 Cacum
1133 1632 1317 1685 videre
1341 1632 1633 1685 timentem

279 1720 685 1789 Turbatumque
709 1720 911 1789 oculis;
950 1721 1097 1788 fugit
1120 1720 1273 1774 ilicet
1296 1719 1449 1773 ocior
1471 1719 1623 1772 Euro

278 1806 709 1875 speluncamque
733 1807 907 1875 petit;
947 1807 1179 1875 pedibus
1205 1808 1374 1860 timor
1400 1805 1611 1860 addidit
1635 1806 1764 1860 alas.

278 1891 351 1943 Ut
375 1908 493 1945 sese
517 1892 753 1960 inclusit,
781 1893 1068 1961 ruptisque
1092 1892 1331 1945 immane
1356 1892 1563 1945 catenis

273 1977 487 2032 Deiecit
511 1995 717 2047 saxum,
745 1978 893 2032 ferro
919 1978 1066 2048 quod
1091 1984 1149 2033 et
1173 1983 1292 2033 arte
1314 1983 1546 2047 paterna

272 2065 570 2131 Pendebat,
598 2066 880 2136 fultosque
905 2066 1136 2120 emuniit
1160 2067 1315 2119 obice
1343 2066 1528 2134 postiS,

269 2152 415 2205 Ecce
439 2153 630 2206 furens
655 2153 854 2207 animis
878 2152 1067 2207 aderat
1091 2152 1428 2220 TirynthiuS,
1457 2171 1789 2225 omnemque

268 2240 573 2293 Accessum
597 2240 839 2294 lustrans
861 2241 971 2294 huc
997 2257 1095 2294 ora
1119 2241 1332 2295 ferebat
1358 2246 1415 2295 et
1438 2242 1586 2308 illuc,

266 2325 545 2380 Dentibus
568 2326 910 2382 infrendens.
984 2327 1089 2381 Ter
1113 2334 1291 2381 totum
1316 2329 1566 2383 fervidus
1588 2330 1675 2385 ira

264 2413 492 2467 Lustrat
518 2415 786 2468 Aventini
809 2420 1055 2469 montem
1077 2434 1091 2483 ς
1132 2421 1218 2470 ter
1242 2434 1408 2471 saxea
1430 2423 1672 2487 temptat

264 2500 488 2555 Limina
511 2502 877 2571 nequiquam;
919 2507 1006 2556 ter
1030 2504 1209 2557 fessus
1234 2505 1379 2558 valle
1407 2506 1626 2560 resedit.

262 2587 465 2642 Stabat
491 2594 652 2642 acuta
674 2589 824 2657 silex,
852 2590 1111 2657 praecisis
1134 2591 1379 2661 undique
1403 2593 1549 2647 saxis

261 2674 577 2745 Speluncae
601 2675 765 2729 dorso
789 2677 1093 2745 insurgens,
1124 2678 1391 2732 altissima
1415 2679 1552 2747 visu,

256 2761 530 2817 Dirarum
556 2762 702 2816 nidis
725 2763 922 2817 domus
948 2769 1262 2833 opportuna
1288 2766 1593 2820 volucrum.

255 2849 444 2920 Hanc,
471 2854 533 2903 ut
557 2867 732 2918 prona
755 2851 885 2919 iugo
907 2851 1127 2906 laevum
1149 2854 1504 2908 incumbebat
1529 2854 1598 2908 ad
1623 2870 1856 2924 amnem,

252 2935 479 2991 Dexter
503 2938 562 2989 in
588 2937 879 2991 adversum
902 2939 1088 2993 nitens
1112 2941 1404 3003 concussit,
1435 2945 1493 2994 et
1509 2941 1635 2994 imis

251 3022 531 3076 Avulsam
551 3022 715 3076 solvit
733 3023 1036 3095 radicibus3
1063 3025 1194 3079 inde
1217 3033 1447 3095 repente

248 3107 529 3178 Impulit;
570 3109 809 3177 impulsu
836 3128 946 3179 quo
969 3112 1242 3165 maximus
1266 3113 1486 3167 intonat
1511 3113 1718 3184 aether,
1810 3126 1815 3129 ’

245 3195 576 3251 Dissultant
601 3197 755 3266 ripae
779 3197 1073 3266 refluitque
1098 3200 1397 3254 exterritus
1412 3201 1615 3260 amnis,

243 3283 337 3336 At
363 3300 564 3352 specus
590 3287 647 3337 et
673 3283 803 3339 Oaci
828 3283 1046 3338 detecta
1068 3286 1323 3354 apparuit
1346 3286 1544 3355 ingens

243 3369 451 3441 Regia,
480 3377 539 3427 et
561 3372 857 3425 umbrosae
881 3372 1104 3439 penitus
1127 3378 1355 3441 patuere
1380 3391 1677 3428 cavernae:

242 3456 392 3512 Non
420 3475 595 3527 secuS,
627 3474 690 3512 ac
715 3458 762 3511 si
788 3475 895 3527 qua
919 3460 1138 3527 penitus
1164 3461 1217 3512 vi
1246 3465 1395 3514 terra
1418 3460 1706 3515 dehiscens

237 3542 520 3601 Infernas
545 3549 760 3599 reseret
785 3544 943 3599 sedes
970 3550 1026 3599 et
1050 3561 1221 3613 regna
1247 3546 1499 3599 recludat

372 3630 396 3679 1
413 3630 442 3680 1

2206 589 2318 645 210.

2205 1023 2314 1074 215

2204 1459 2316 1509 220

2201 1892 2312 1943 225

2203 2333 2314 2384 230

2201 2767 2311 2820 235

2201 3201 2310 3251 240
