2725 3917
1014 242 1289 293 VERGILI
1333 242 1665 291 AENEIDOS
1708 241 1797 290 IV.

389 404 497 458 Sed
522 404 660 458 mihi
685 404 770 458 vel
796 403 960 457 tellus
984 409 1168 472 optem
1195 403 1351 472 prius
1375 403 1488 456 ima
1511 402 1774 465 dehiscat,

388 491 498 545 Vel
522 491 689 545 Pater
714 491 1066 560 omnipotens
1089 489 1276 557 adigat
1300 506 1389 543 me
1413 488 1642 541 fulmine
1667 488 1737 542 ad
1763 487 1999 554 umbrae,

387 577 652 632 Pallentis
674 577 897 632 umbras
920 576 1089 629 Erebi
1113 580 1444 645 noctemque
1469 574 1822 652 profundam,

302 647 308 666 ¹
388 665 556 731 Ante,
583 664 787 732 Pudor,
815 680 981 734 quam
1008 669 1065 717 te
1092 662 1256 730 violo,
1286 669 1382 716 aut
1407 667 1504 716 tua
1526 661 1647 715 iura
1672 659 1904 714 resolve.

386 751 486 805 Ille
510 767 680 820 meos,
707 751 918 818 primus
942 750 1036 819 qui
1059 765 1149 802 me
1174 749 1279 803 sibi
1304 749 1500 817 iunxit,
1530 763 1749 802 amores

385 836 664 905 Abstulit3
704 836 797 890 ille
820 836 1025 892 habeat
1050 852 1235 889 secum
1264 845 1559 904 servetque
1585 833 1891 903 sepulcr0.''

385 924 473 979 Sic
499 924 666 978 effata
688 924 871 977 sinum
894 922 1134 977 lacrimis
1156 921 1410 990 implevit
1434 920 1663 974 obortis.

453 1010 619 1066 Anna
641 1013 848 1065 refert:
893 1011 927 1039 ‘⁴
948 1010 997 1063 Ο
1023 1009 1146 1064 luce
1169 1008 1346 1076 magis
1371 1008 1574 1062 dilecta
1601 1009 1794 1077 sorori,

383 1097 580 1152 Solane
604 1102 873 1167 perpetua
895 1112 1149 1150 maerens
1172 1110 1401 1163 carpere
1423 1095 1664 1164 iuventa,

382 1184 503 1239 Nec
528 1184 700 1238 dulcis
723 1188 899 1252 name,
929 1182 1170 1237 Veneris
1195 1197 1298 1235 nec
1322 1181 1569 1249 praemia
1591 1183 1778 1237 noris?

380 1272 448 1325 Id
473 1272 716 1326 cinerem
741 1276 836 1325 ant
859 1270 1038 1324 Manis
1062 1269 1242 1324 credis
1266 1285 1460 1324 curare
1484 1272 1768 1340 sepultos?

380 1357 551 1411 Esto:
591 1374 812 1426 aegram
833 1355 973 1410 nulli
997 1355 1272 1425 quondam
1298 1356 1501 1412 flexere
1524 1360 1727 1427 mariti,
1835 1393 1846 1416 t
1881 1339 1932 1414 ἰ’-

381 1444 511 1498 Non
535 1444 759 1513 Libyae,
785 1460 901 1498 non
926 1450 1055 1499 ante
1079 1444 1226 1512 Tyro
1248 1463 1262 1513 3
1302 1445 1594 1515 despectus
1617 1446 1809 1501 Iarbas

380 1531 760 1600 Ductoresqne
785 1531 893 1599 alii,
923 1547 1060 1601 quos
1084 1532 1279 1586 Africa
1303 1537 1454 1586 terra
1475 1533 1770 1602 triumphis

380 1618 551 1672 Dives
576 1617 707 1672 alit:
746 1619 1021 1688 placitone
1045 1619 1210 1674 etiam
1238 1618 1510 1690 pugnabis
1534 1621 1746 1674 amori?

379 1704 499 1760 Nec
522 1705 677 1760 venit
699 1705 759 1759 in
782 1711 1043 1776 mentem,
1070 1723 1306 1776 quorum
1332 1706 1641 1761 consederis
1667 1708 1852 1761 arvis?

379 1791 524 1846 Hinc
551 1792 821 1848 Gaetulae
845 1794 1026 1864 urbes,
1056 1810 1228 1862 genus
1255 1794 1625 1862 insuperabile
1649 1793 1812 1861 belle,

377 1880 452 1934 Et
476 1879 751 1936 Numidae
774 1882 982 1937 infreni
1009 1882 1240 1951 cingunt
1264 1886 1320 1936 et
1345 1882 1627 1950 inhospita
1651 1880 1860 1947 Syrtis3

377 1966 524 2022 Hinc
545 1968 764 2023 deserta
788 1969 878 2023 siti
903 1970 1072 2038 regie,
1101 1969 1322 2037 lateque
1345 1969 1593 2022 furentes

376 2052 621 2109 Barcaei.
698 2054 845 2120 Quid
869 2055 1014 2109 bella
1039 2055 1186 2122 Tyro
1210 2055 1492 2123 surgentia
1515 2054 1710 2123 dicam,

378 2141 749 2214 Germanique
772 2145 985 2199 minas?

375 2228 476 2284 Dis
490 2232 754 2300 'equidem
779 2231 1093 2301 auspicibus
1116 2246 1243 2285 reor
1268 2234 1325 2283 et
1347 2229 1563 2283 Iunone
1588 2228 1828 2283 secunda

376 2316 541 2371 Hunc
565 2334 785 2373 cursum
810 2317 1008 2372 Iliacas
1031 2321 1202 2371 vento
1228 2317 1470 2371 tenuisse
1495 2316 1729 2370 carinas.

378 2401 552 2468 Quam
578 2410 641 2459 tu
664 2407 875 2476 urbem,
903 2422 1080 2474 soror,
1106 2406 1253 2460 banc
1276 2419 1485 2469 cernes,
1514 2419 1656 2471 quae
1677 2419 1901 2471 surgere
1925 2418 2096 2468 regna

375 2489 645 2562 Coniugio
670 2493 795 2548 tali!
870 2493 1141 2548 Teucrum
1166 2490 1560 2547 comitantibus
1583 2490 1750 2543 armis

372 2574 585 2633 Punica
607 2596 666 2633 se
690 2581 910 2649 quantis
934 2580 1151 2634 attollet
1175 2579 1350 2649 gloria
1373 2577 1564 2632 rebus!

373 2662 456 2717 Tu
479 2666 647 2721 modo
670 2684 836 2736 posce
858 2668 991 2723 deos
1016 2670 1248 2738 veniam,
1278 2669 1556 2737 sacrisque
1578 2667 1753 2721 litatis

372 2748 604 2821 Indulge
627 2753 884 2823 hospitio,
908 2771 1204 2825 causasque
1230 2756 1452 2809 innecte
1477 2753 1746 2821 morandi,

371 2835 519 2890 Dum
544 2840 738 2909 pelago
761 2840 1007 2896 desaevit
1029 2842 1208 2895 biems
1233 2845 1292 2895 et
1316 2857 1552 2909 aquosus
1577 2839 1767 2908 Orion,

373 2923 780 2995 Quassataeque
803 2933 965 2997 rateS,
994 2929 1126 2982 dum
1150 2944 1266 2982 non
1291 2927 1580 2983 tractabile
1604 2927 1872 2982 caelum.'’

442 3010 546 3065 His
570 3012 732 3067 dictis
755 3014 1039 3068 incensum
1067 3014 1311 3069 animum
1336 3014 1702 3069 inflammavit
1726 3029 1929 3084 amore,

371 3096 643 3168 Spemque
669 3100 822 3155 dedit
845 3100 1043 3156 dubiae
1067 3103 1258 3170 menti,
1288 3100 1563 3170 solvitque
1584 3100 1871 3170 pudorem.

371 3187 649 3255 Principio
674 3186 904 3242 delubra
928 3187 1148 3256 adeunt,
1177 3204 1480 3257 pacemque
1503 3203 1604 3256 per
1628 3203 1753 3241 aras

368 3272 712 3342 Exquirunt3
752 3278 998 3328 mactant
1021 3274 1191 3328 lectas
1215 3274 1284 3328 de
1308 3291 1464 3329 more
1488 3274 1728 3328 bidentis

367 3359 650 3427 Legiferae
675 3359 862 3415 Cereri
886 3360 1223 3429 Phoeboque
1246 3362 1500 3430 patrique
1523 3360 1726 3428 Lyaeo,

366 3444 568 3498 Iunoni
593 3451 721 3500 ante
746 3448 939 3515 omnis,
967 3446 1056 3500 cui
1079 3446 1261 3502 vincla
1283 3447 1489 3516 iugalia
1510 3463 1692 3500 curae

367 3529 496 3599 Ipsa
520 3535 715 3586 tenens
737 3532 934 3588 dextra
956 3536 1203 3602 pateram
1229 3533 1605 3603 pulcherrima
1625 3532 1773 3587 Dido

2353 493 2423 543 25

2350 930 2419 979 30

2348 1364 2415 1413 35

2331 3104 2402 3156 55
