2725 3917
1019 208 1296 258 vanem
1341 206 1674 269 AENmncs
1713 204 1777 256 V.

382 370 456 424 Et
480 373 697 425 tantum
723 386 1005 439 superesse
1030 370 1227 422 maris!
1270 384 1381 422 vox
1407 368 1664 422 omnibus
1691 384 1815 420 uua.

386 458 592 511 Urbem
621 462 812 522 orant;
852 456 1041 509 taedet
1064 457 1243 524 pelagi
1266 456 1512 524 perferre
1535 455 1799 509 laborem.
1831 452 1835 455 ⁴

383 543 531 611 Ergo
557 543 703 596 inter
727 543 937 595 medias
962 559 1079 595 sese
1103 542 1251 596 haud
1274 543 1469 610 ignara
1492 541 1731 595 nocendi

387 630 620 698 Conicit,
651 636 706 684 et
730 630 1041 698 faciemque
1067 629 1202 683 deae
1227 635 1548 697 vestemque
1572 629 1823 697 reponit3

384 717 477 770 Fit
501 716 693 784 Beroe,
723 716 929 769 Tmarii
955 715 1194 769 coniunx
1218 716 1491 784 longaeva
1516 714 1760 782 Dorycli,

387 803 491 857 Cui
514 820 687 871 genus
711 807 767 856 et
793 803 1066 872 quondam
1090 819 1294 856 nomen
1318 803 1546 871 natique
1571 803 1838 866 fuissent;

384 890 472 944 Ac
496 891 574 943 sic
599 889 971 943 Dardanidum
999 890 1238 943 mediam
1264 906 1321 942 se
1347 888 1619 942 matribus
1644 888 1840 941 infert:

389 979 422 1006 “
443 977 491 1029 Ο
515 977 764 1045 miserae,
793 994 929 1046 quas
951 992 1064 1030 non
1088 993 1284 1030 manus
1300 976 1332 1004 '’
1359 976 1541 1044 inquit
1565 977 1595 1003 “
1610 975 1855 1028 Achaica
1879 972 2026 1030 bello

384 1063 634 1117 Traxerit
659 1063 728 1117 ad
751 1064 926 1117 letum
950 1063 1164 1131 patriae
1189 1063 1289 1116 sub
1315 1063 1631 1115 moenibus!
1675 1078 1709 1115 o
1734 1076 1868 1128 gens

385 1150 602 1219 Infelix,
633 1150 721 1204 cui
738 1156 797 1203 te
823 1150 993 1203 exitio
1017 1149 1264 1202 Fortuna
1288 1150 1572 1203 reservat?

386 1237 633 1305 Septima
656 1242 782 1304 post
807 1236 1002 1289 Troiae
1032 1235 1335 1289 exscidium
1363 1238 1474 1289 iam
1501 1236 1737 1289 vertitur
1764 1238 1958 1301 aestas,

387 1324 527 1377 Cum
551 1323 706 1390 freta,
735 1331 858 1375 c'um
886 1328 1063 1375 terras
1087 1323 1280 1391 omnis,
1308 1328 1396 1375 tot
1420 1323 1699 1390 inhospita
1722 1338 1853 1375 saxa

387 1409 687 1478 Sideraque
713 1424 967 1462 emensae
993 1408 1241 1477 ferimur,
1273 1409 1405 1462 dum
1429 1426 1528 1477 per
1552 1425 1704 1462 mare
1735 1423 1997 1475 magnum

387 1496 602 1550 Italiam
629 1495 908 1564 sequimur
935 1495 1258 1564 fugientem,
1290 1502 1347 1549 et
1374 1496 1646 1549 volvimur
1671 1494 1851 1547 undis,

391 1583 495 1637 Hic
519 1583 713 1650 Erycis
736 1581 874 1636 fines
898 1582 1150 1652 fraterni,
1182 1587 1347 1652 atque
1372 1583 1575 1651 hospes
1598 1582 1860 1635 Acestes:

390 1670 525 1735 Quis
548 1669 811 1738 prohibet
835 1687 1024 1723 muros
1048 1671 1226 1725 iacere
1253 1678 1309 1724 et
1333 1670 1465 1723 dare
1491 1670 1703 1723 civibus
1726 1669 1963 1723 urbem?

389 1756 438 1811 O
465 1757 647 1825 patria
670 1762 728 1810 et
751 1757 897 1825 rapti
924 1758 1257 1827 nequiquam
1281 1774 1349 1810 ex
1377 1757 1537 1810 hoste
1562 1756 1817 1824 Penates,

388 1843 626 1898 Nullane
650 1845 760 1898 iam
787 1844 984 1898 Troiae
1012 1845 1264 1899 dicentur
1293 1845 1551 1897 moenia?
1589 1858 1858 1911 nusquam

388 1932 694 1987 Hectoreos
719 1933 907 2001 amniS,
938 1932 1221 1986 Xanthum
1249 1937 1306 1985 et
1331 1931 1631 1998 Simoenta,
1663 1929 1896 1983 videbo?

391 2019 538 2083 Quin
563 2021 709 2087 agite
736 2025 792 2072 et
820 2035 1034 2072 mecum
1058 2019 1326 2072 infaustas
1352 2018 1564 2070 exurite
1590 2018 1807 2085 puppis·

389 2104 532 2158 Nam
561 2106 696 2158 mihi
725 2105 1062 2158 Cassandrae
1087 2121 1187 2172 per
1213 2120 1466 2156 somnum
1491 2104 1632 2156 vatis
1656 2104 1840 2171 imago

387 2191 656 2244 Ardentis
681 2191 812 2244 dare
837 2192 955 2244 visa
978 2191 1158 2245 faces:
1203 2193 1235 2219 “
1253 2190 1359 2243 Hic
1385 2190 1630 2258 quaerite
1655 2189 1904 2258 Troiam,

388 2278 494 2330 Hic
519 2276 716 2331 domus
741 2283 824 2331 est
841 2277 874 2305 ’²
899 2278 1078 2346 inquit
1102 2279 1134 2306 “
1153 2276 1365 2330 vobis.”
1441 2276 1555 2330 Iam
1576 2280 1802 2345 'tempus
1826 2277 1914 2345 agi
1939 2294 2045 2332 res·

389 2363 508 2417 Nec
532 2364 701 2417 tantis
725 2381 883 2418 mora
907 2364 1190 2432 prodigiis·
1263 2363 1349 2416 En
1377 2368 1639 2432 quattuor
1663 2380 1790 2417 arae

389 2450 682 2519 Neptun03
724 2451 858 2504 deus
884 2452 1002 2520 ipse
1026 2453 1178 2505 faces
1204 2451 1558 2519 animumque
1583 2450 1920 2503 ministrat.’'

390 2537 541 2591 Haec
565 2555 877 2592 memorans
901 2539 1082 2607 prima
1100 2539 1381 2592 infensum
1408 2539 1464 2592 vi
1488 2537 1720 2605 corripit
1745 2537 1947 2606 ignem,

390 2624 724 2692 Sublataque
748 2615 943 2692 procul
968 2625 1164 2679 dextra
1188 2625 1390 2679 conixa
1412 2630 1682 2693 coruscat,

389 2710 463 2763 Et
487 2712 634 2764 iacit.
709 2711 979 2765 Arrectae
1004 2717 1217 2765 mentes
1250 2712 1672 2781 stupefactaque
1698 2710 1865 2765 corda

390 2796 642 2851 Iliadum.
717 2797 823 2852 Hic
847 2814 960 2851 una
983 2815 1013 2851 e
1037 2799 1240 2866 multia,
1274 2815 1414 2867 quae
1438 2800 1683 2853 maxima
1706 2802 1857 2865 natu,

390 2883 592 2952 Pyrgo,
616 2888 702 2938 tot
725 2885 935 2939 Priami
960 2891 1218 2940 natorum
1243 2886 1397 2955 regia
1422 2887 1648 2941 nutrix:

395 2972 427 3000 ‘⁶
444 2971 498 3024 N
502 2989 575 3025 on
599 2971 777 3027 Beroe
802 2974 974 3041 vebia,
1005 2990 1115 3028 non
1140 2973 1277 3027 haec
1304 2973 1591 3043 Rhoeteia,
1619 2978 1843 3041 mati-ee,

389 3059 492 3113 Est
515 3059 743 3127 Dorycli
764 3060 1034 3124 coniunx3
1076 3059 1251 3113 divini
1278 3062 1433 3129 signa
1458 3061 1669 3115 decoris

390 3145 763 3216 Ardentisque
786 3152 980 3201 notate
1003 3147 1225 3215 oculos3
1269 3149 1361 3216 qui
1389 3149 1614 3217 spiritus
1641 3148 1739 3216 illi,

392 3234 500 3298 Qui
520 3233 718 3302 voltus,
742 3233 1001 3301 vocisque
1025 3250 1210 3303 sonuS,
1238 3236 1326 3288 vel
1352 3252 1569 3303 gressus
1594 3237 1765 3290 eunti.

390 3320 517 3389 Ipsa
542 3325 760 3389 egomet
785 3321 989 3374 dudum
1014 3320 1232 3374 Beroen
1258 3321 1504 3389 digressa
1525 3322 1727 3390 reliqui

390 3408 647 3477 Aegram,
676 3409 1072 3477 indignantem,
1097 3408 1195 3461 tali
1222 3409 1371 3476 quod
1397 3410 1513 3463 sola
1538 3414 1750 3463 careret

392 3492 635 3562 Munere,
663 3511 767 3549 nec
793 3496 1020 3548 meritos
1046 3493 1325 3548 Anchisae
1351 3496 1584 3552 inferret
1608 3494 1907 3550 honoreS.”

2318 715 2422 766 620

2317 1149 2419 1200 625

2320 1584 2423 1635 630

2323 2019 2423 2071 635

2323 2453 2425 2504 640
