2725 3917
993 236 1269 288 VERGILI
1313 236 1644 287 AENEIDOS
1692 238 1778 287 VI.
1857 293 1861 296 Α

371 399 544 453 Eruet
567 399 660 454 ille
683 400 868 469 Argos
893 398 1468 469 Agamemnoniasque
1492 399 1770 468 MycenaS,

371 487 670 556 Ipsumque
695 487 995 555 Aeaciden,
1024 502 1196 555 genus
1220 486 1604 555 armipotentis
1629 485 1853 556 Achilli,

372 573 535 627 Ultus
560 590 692 627 avos
717 572 929 641 Troiae,
956 573 1165 641 templa
1188 578 1247 626 et
1269 578 1540 629 temerata
1564 573 1862 628 Minervae.

374 660 510 725 Quis
539 665 610 727 te,
640 676 835 728 magne
862 659 1018 728 Cato,
1048 661 1300 729 tacitum,
1332 664 1429 714 aut
1454 666 1525 728 te,
1557 661 1741 726 Oosse,
1764 661 2080 731 relinquat?

373 746 509 813 Quis
535 747 773 801 Gracchi
798 763 985 815 genua,
1015 752 1110 801 aut
1133 749 1397 817 geminos,
1427 747 1536 801 duo
1564 748 1801 801 fulmina
1829 747 1975 817 belli,

371 832 669 901 Scipiadae,
698 833 910 887 cladem
930 834 1152 901 Libyae,
1186 851 1471 904 parvoque
1494 839 1784 904 potentem

370 919 697 989 Fabricium,
728 920 815 973 vel
840 925 898 974 te
923 919 1091 990 sulco,
1122 921 1382 990 Serrane,
1413 923 1729 975 serentem?

373 1005 497 1072 Quo
519 1008 728 1060 fessum
753 1008 962 1075 rapitis,
991 1007 1184 1061 Fabii?
1222 1013 1284 1061 tu
1311 1009 1590 1062 Maximus
1614 1008 1704 1063 ille
1731 1025 1805 1077 est,

372 1092 531 1147 Unus
555 1095 650 1163 qui
672 1094 833 1147 nobis
858 1094 1169 1149 cunctando
1195 1095 1443 1149 restituis
1465 1113 1602 1150 rem.

370 1180 665 1234 Excudent
691 1181 782 1235 alii
808 1181 1075 1250 spirantia
1102 1181 1320 1234 mollius
1346 1199 1491 1252 aera,

373 1267 553 1321 Credo
577 1267 847 1336 equidem,
873 1267 1031 1320 vivos
1054 1267 1259 1321 ducent
1283 1268 1352 1322 de
1375 1285 1652 1325 marmore
1679 1271 1876 1340 voltuS,

373 1354 628 1408 Orabunt
652 1370 845 1407 causas
868 1353 1079 1420 melina,
1110 1355 1354 1423 caelique
1378 1364 1592 1411 meatus

371 1440 701 1494 Describent
724 1440 881 1494 radio
907 1443 964 1493 et
990 1441 1269 1508 surgentia
1293 1442 1475 1497 sidera
1498 1444 1711 1499 dicent:

372 1528 452 1581 Tu
478 1544 668 1595 regere
692 1526 925 1596 imperio
949 1526 1200 1596 populos,
1230 1527 1499 1597 Romane,
1526 1536 1844 1598 mement03

372 1615 491 1670 Hae
518 1614 618 1668 tibi
644 1619 808 1668 erunt
832 1619 1010 1680 artes,
1052 1615 1312 1684 pacisque
1337 1617 1624 1685 imponere
1649 1635 1877 1688 morem,

371 1702 607 1756 Parcere
632 1702 907 1770 subiectis,
937 1707 994 1755 et
1019 1702 1299 1757 debellare
1324 1704 1646 1773 superbos.”

443 1789 528 1843 Sic
553 1794 711 1858 pater
736 1789 1021 1858 Anchises,
1054 1794 1218 1859 atque
1243 1790 1381 1845 haec
1404 1791 1733 1846 mirantibus
1758 1792 1938 1847 addit:

377 1878 409 1906 “
429 1878 645 1946 Aspice,
673 1882 737 1930 ut
761 1877 990 1945 insignis
1018 1878 1210 1946 spoliis
1234 1877 1532 1933 Marcellus
1557 1880 1756 1948 opimis

373 1963 700 2032 Ingreditur,
731 1965 1018 2033 victorque
1048 1965 1196 2019 viros
1224 1968 1598 2034 supereminet
1622 1967 1828 2020 omnis!

374 2051 478 2104 Hic
502 2067 619 2104 rem
646 2051 968 2118 Romanam,
996 2068 1197 2119 magno
1228 2052 1487 2106 turbante
1511 2053 1768 2121 tumultu,

373 2137 557 2204 Sistet,
588 2153 750 2206 eques
774 2143 984 2191 sternet
1010 2138 1233 2191 Poenos
1260 2137 1589 2206 Gallumque
1615 2139 1895 2209 rebellem,

372 2223 664 2292 Tertiaque
690 2240 842 2277 arma
865 2225 1011 2292 patri
1036 2224 1336 2292 suspendet
1360 2230 1521 2293 capta
1546 2225 1835 2290 Quirino.’'

267 2341 272 2348 ·
372 2310 561 2380 Atque
586 2311 677 2364 hic
702 2310 954 2374 Aeneas;
995 2328 1106 2366 una
1132 2328 1369 2380 namque
1392 2312 1475 2366 ire
1502 2312 1726 2367 videbat

371 2397 668 2467 Egregium
695 2398 878 2452 forma
902 2399 1155 2453 iuvenem
1181 2403 1236 2452 et
1259 2397 1595 2466 fulgentibus
1619 2400 1800 2468 armis„

373 2484 482 2540 Sed
505 2487 664 2541 frons
687 2486 834 2541 laeta
856 2503 1070 2555 parum,
1099 2490 1156 2541 et
1180 2485 1392 2540 deiecto
1415 2486 1623 2541 lumina
1649 2487 1837 2542 voltu:

376 2575 411 2602 ‘⁴
432 2573 582 2643 Quis,
607 2579 785 2643 pater,
813 2573 922 2642 ille,
952 2574 1132 2627 virum
1161 2573 1254 2642 qui
1282 2573 1359 2628 sic
1387 2574 1684 2629 comitatur
1709 2576 1969 2631 euntem?

371 2660 558 2729 Filius,
587 2677 728 2715 anne
754 2661 949 2730 aliquis
971 2677 1171 2729 magna
1194 2660 1263 2714 de
1288 2661 1461 2729 stirpe
1485 2663 1785 2730 nepotum?

374 2746 510 2813 Quis
533 2747 795 2816 strepitus
820 2748 966 2801 circa
991 2746 1281 2801 comitum!
1324 2753 1591 2816 quantum
1617 2748 1794 2802 instar
1818 2748 1874 2801 in
1900 2748 2047 2817 ipso!

373 2834 483 2887 Sed
506 2850 620 2888 nox
645 2839 767 2888 atra
790 2838 957 2903 caput
981 2834 1129 2887 tristi
1156 2834 1358 2887 circum
1367 2835 1518 2889 volat
1543 2835 1795 2890 umbra.”

372 2921 510 2974 Tum
536 2928 692 2990 pater
716 2921 1004 2989 Anchises,
1031 2918 1272 2975 lacrimis
1295 2921 1574 2990 ingressus
1598 2922 1838 2977 obortis:

375 3009 473 3063 “O
496 3016 643 3075 nate,
671 3009 953 3077 ingentem
977 3007 1187 3063 luctum
1213 3024 1285 3063 ne
1310 3026 1512 3078 quaere
1540 3015 1762 3064 tuorum
1790 3030 1804 3078 3

373 3096 684 3151 Ostendent
707 3095 871 3150 terris
893 3094 1042 3148 hunc
1067 3100 1283 3149 tantum
1309 3096 1448 3163 fata,
1477 3111 1655 3164 neque
1680 3096 1828 3151 ultra

371 3182 504 3238 Esse
530 3185 726 3238 sinent.
803 3181 1050 3236 Nimium
1079 3182 1235 3236 vobis
1261 3181 1513 3235 Romana
1535 3190 1809 3249 propago

283 3329 288 3336 ,
373 3270 510 3325 Visa
534 3276 748 3340 potens,
780 3268 993 3338 Superi,
1024 3269 1252 3337 propria
1276 3267 1415 3321 haec
1442 3266 1488 3319 si
1515 3266 1660 3319 dona
1685 3267 1936 3324 fuissent.

374 3358 624 3423 Quantos
648 3358 742 3412 ille
769 3358 947 3411 virum
968 3371 1225 3424 magnam
1250 3353 1522 3408 Mavortis
1546 3351 1617 3407 ad
1640 3354 1835 3408 urbem

373 3444 613 3513 Campus
638 3451 763 3512 aget
788 3444 1058 3512 gemitus!
1103 3441 1188 3495 vel
1216 3456 1372 3510 quae,
1400 3439 1674 3506 Tiberine,
1703 3440 1919 3496 videbis

371 3529 607 3589 Funera,
636 3548 761 3584 cum
786 3530 1057 3584 tumulum
1084 3527 1490 3597 praeterlabere
1514 3529 1829 3583 recentem!

2308 580 2409 629 840

2305 1015 2408 1065 845

2307 1448 2411 1499 850

2305 1883 2407 1934 855

2303 2317 2406 2368 860

2302 2749 2401 2801 865

2301 3182 2402 3238 870
