2725 3917
888 249 1164 299 VERGILI
1207 248 1539 298 AENEIDOS
1580 247 1697 298 VII.

283 409 402 462 Hoc
426 412 485 461 et
508 412 629 461 tum
654 406 930 475 Aeneadis
955 409 1200 462 indicere
1223 408 1372 462 bella
1393 408 1625 462 Latinus

281 495 434 548 More
458 493 750 548 iubebatur
773 495 1058 564 tristisque
1081 495 1365 549 recludere
1390 500 1591 563 portae.

283 582 567 636 Abstinuit
592 586 743 635 tactu
773 587 947 650 pater,
978 598 1309 650 aversusque
1334 582 1544 649 refugit

281 669 462 723 Foeda
484 668 807 736 ministeria,
837 674 895 721 et
919 669 1098 723 caecis
1124 685 1181 721 se
1207 668 1454 721 condidit
1480 668 1708 722 umbris.

282 756 413 809 Tum
440 756 633 823 regina
656 755 818 808 deum
846 755 1000 808 caelo
1025 755 1249 823 delapsa
1271 755 1542 808 morantis

280 842 504 912 Impulit
525 843 648 911 ipsa
669 858 840 895 manu
864 846 1069 909 portas,
1104 849 1161 894 et
1185 841 1410 895 cardine
1433 857 1598 893 verso

279 929 417 982 Belli
441 930 681 984 ferratos
702 931 913 999 rumpit
940 929 1200 982 Saturnia
1224 929 1415 996 postis.

280 1016 454 1069 Ardet
477 1016 718 1071 inexcita
745 1017 992 1070 Ausonia
1016 1021 1179 1084 atque
1205 1014 1505 1067 immobilis
1529 1018 1686 1079 ante3

279 1102 410 1155 Pars
434 1103 604 1171 pedes
628 1104 708 1156 ire
734 1109 896 1172 parat
921 1102 1142 1172 campis,
1177 1117 1307 1170 pars
1333 1101 1543 1153 arduus
1563 1099 1691 1153 altis

278 1187 700 1243 Pulverulentus
726 1192 881 1259 equis
905 1191 1069 1256 furit3
1116 1203 1310 1241 omnes
1332 1203 1489 1240 arma
1512 1188 1818 1254 requirunt.

276 1274 410 1328 Pars
432 1275 571 1329 levis
595 1277 797 1345 clipeos
821 1282 877 1330 et
903 1277 1113 1346 spicula
1137 1274 1320 1327 lucida
1345 1277 1569 1340 tergent

275 1361 492 1418 Arvina
513 1363 721 1432 pingui,
751 1364 1115 1432 subiguntque
1138 1362 1199 1414 in
1226 1365 1349 1413 cote
1376 1373 1628 1426 securem

276 1449 550 1518 Signaque
573 1450 719 1504 ferre
741 1451 910 1518 iuvat,
941 1452 1264 1518 sonitusque
1295 1447 1485 1501 audire
1511 1446 1787 1500 tubarum.

277 1534 529 1606 Quinque
555 1536 693 1591 adeo
717 1554 951 1606 magnae
975 1538 1173 1606 positis
1199 1534 1493 1588 incudibus
1516 1532 1683 1588 urbes

275 1622 405 1676 Tela
427 1629 664 1678 novant:
706 1624 878 1677 Atina
901 1630 1098 1693 potens
1119 1624 1401 1691 Tiburque
1428 1619 1748 1688 superbum,

274 1710 460 1764 Ardea
485 1711 934 1781 Crustumerique
958 1717 1014 1764 et
1037 1712 1342 1778 turrigerae
1369 1708 1702 1760 Antemnae.

274 1796 536 1865 Tegmina
560 1803 683 1851 tuta
706 1803 906 1852 cavant
931 1798 1188 1866 capitum,
1218 1796 1556 1862 flectuntque
1586 1790 1823 1858 salignas

273 1883 588 1937 Umbonum
614 1885 809 1950 cratis;
852 1884 945 1937 alii
968 1884 1231 1940 thoracas
1256 1890 1429 1937 aenos

271 1969 389 2021 Aut
412 1969 551 2022 levis
574 1986 761 2023 ocreas
782 1970 936 2023 lento
961 1969 1172 2023 ducunt
1204 1975 1468 2036 argentm

273 2055 533 2109 Vomeris
555 2056 665 2109 huc
690 2060 746 2109 et
769 2056 923 2110 falcis
947 2058 1141 2126 hence,
1175 2060 1283 2113 huc
1313 2059 1494 2112 omnis
1519 2059 1687 2114 aratri

272 2141 450 2195 Cessit
473 2158 657 2209 amor3
696 2149 1005 2212 recoquunt
1028 2145 1238 2212 patrios
1264 2146 1586 2199 fornacibus
1614 2164 1786 2201 enses.

272 2228 514 2282 Classica
536 2229 757 2297 iamque
780 2238 979 2284 sonant
999 2249 1012 2297 3
1051 2232 1100 2284 it
1123 2232 1268 2285 bello
1289 2237 1497 2287 tessera
1523 2235 1756 2302 signum.

269 2315 377 2368 Hic
401 2314 614 2382 galeam
639 2315 805 2369 tectis
828 2316 1078 2384 trepidus
1099 2317 1246 2386 rapit
1266 2337 1281 2385 3
1323 2319 1416 2373 ille
1439 2321 1731 2374 frementis

269 2400 360 2453 Ad
385 2400 515 2468 iuga
539 2401 688 2469 cogit
712 2417 909 2469 equos3
954 2402 1299 2472 clipeumque
1329 2421 1574 2475 auroque
1596 2407 1830 2460 trilicem

269 2486 525 2540 Loricam
549 2488 813 2554 induitur,
840 2488 1062 2558 fidoque
1092 2491 1397 2559 accingitur
1421 2509 1568 2547 ense.

338 2573 577 2627 Pandite
602 2590 749 2628 nunc
774 2574 1056 2641 Helicona,
1088 2577 1239 2644 deae,
1277 2584 1582 2647 cantusque
1606 2585 1844 2647 movete,

271 2659 377 2724 Qui
400 2660 550 2713 bello
576 2661 744 2714 exciti
767 2678 938 2728 reges,
968 2679 1108 2731 quae
1138 2680 1408 2733 quemque
1434 2675 1665 2719 secutae.

271 2745 619 2814 Complerint
644 2764 867 2815 campos
890 2749 1049 2816 acies,
1085 2751 1282 2818 quibus
1308 2751 1451 2805 Itala
1472 2752 1582 2804 iam
1607 2757 1728 2804 tum

269 2832 547 2886 Floruerit
571 2839 722 2888 terra
746 2834 891 2889 alma
918 2835 1063 2901 viris,
1098 2837 1294 2905 quibus
1318 2837 1515 2890 arserit
1541 2838 1737 2894 armis:

269 2918 344 2973 Et
365 2920 698 2973 meministis
722 2923 886 2989 enim,
918 2922 1095 2991 divae,
1123 2929 1181 2977 et
1205 2940 1515 2979 memorare
1536 2925 1807 2993 potestis3

271 3005 363 3058 Ad
386 3023 490 3060 nos
514 3006 612 3059 vix
637 3008 822 3060 tenuis
848 3008 1031 3062 famae
1056 3010 1365 3077 perlabitur
1390 3026 1536 3064 aura.

339 3092 561 3147 Primus
582 3093 691 3147 init
715 3094 920 3147 bellum
950 3095 1250 3161 Tyrrhenis
1273 3113 1433 3164 asper
1457 3098 1529 3150 ab
1552 3096 1664 3158 oris

272 3178 639 3248 Contemptor
663 3179 854 3234 divom
880 3180 1186 3235 Mezentius
1209 3183 1539 3251 agminaque
1565 3187 1758 3237 armat.

271 3264 440 3320 Filius
464 3266 595 3320 huic
618 3267 782 3320 iuxta
802 3265 1025 3335 Lausus,
1055 3283 1166 3336 quo
1190 3268 1474 3336 pulchrior
1496 3268 1638 3322 alter

270 3349 401 3405 Non
423 3353 547 3422 fuit,
564 3357 815 3421 excepto
838 3352 1129 3407 Laurentis
1154 3371 1387 3422 corpore
1415 3353 1602 3407 Turni.

272 3437 492 3508 Lausus,
523 3456 730 3509 equum
752 3439 998 3492 domitor
1020 3439 1432 3508 debellatorque
1456 3441 1713 3508 ferarum,

273 3523 439 3580 Ducit
463 3527 728 3596 Agyllina
752 3525 1085 3594 nequiquam
1112 3543 1181 3579 ex
1205 3527 1341 3579 urbe
1367 3530 1586 3579 secutos

2213 758 2315 807 620

2209 1187 2311 1238 625

2208 2061 2308 2112 635

2207 2495 2310 2544 640

2208 2927 2308 2978 645

2207 3358 2309 3408 650
