2725 3917
783 229 1058 304 vunnim
1083 229 1433 304 'mumos
1480 255 1569 305 vr.

217 415 308 471 Per
326 433 543 485 campum
565 420 866 485 pascuntur
890 416 1032 484 equi.
1107 414 1263 480 Quae
1287 416 1467 484 gratia
1489 433 1751 471 curruum

214 504 566 572 Armorumque
589 504 700 556 fuit
723 502 881 569 vivis,
911 518 1050 570 quae
1073 519 1210 557 cura
1227 503 1462 556 nitentis

210 591 410 645 Pascere
432 606 602 659 equos,
632 589 825 644 eadem
853 590 1102 658 sequitur
1125 589 1327 643 tellure
1351 597 1621 659 repostos.

209 678 465 747 Conspicit,
489 693 627 746 ecce,
654 676 792 729 alios
816 676 1014 729 dextra
1037 676 1301 745 laevaque
1327 693 1427 744 per
1451 676 1685 731 herbam

205 765 461 819 Vesceutis
480 764 790 833 laetumque
813 762 984 817 choro
1010 762 1232 817 Paeana
1259 764 1513 817 canentis

199 852 333 905 Inter
354 852 624 906 odoratum
648 850 790 904 lauri
814 865 1024 918 nemus,
1055 848 1207 903 unde
1232 866 1467 918 superne

198 938 444 992 Plurimus
462 938 680 992 Eridani
705 953 804 1006 per
828 936 1022 989 silvam
1049 935 1293 989 volvitur
1317 937 1513 991 amuis.

197 1026 286 1079 Hic
310 1042 485 1080 manus
504 1026 572 1079 ob
599 1025 834 1094 patriam
862 1022 1160 1092 pugnando
1185 1022 1417 1077 volnera
1439 1025 1601 1094 passi,

196 1113 385 1181 Quique
403 1112 705 1166 sacerdotes
732 1111 886 1179 casti,
914 1111 1044 1162 dum
1072 1109 1190 1163 vita
1213 1111 1494 1180 manebat,

196 1200 385 1269 Quique
405 1201 476 1269 pii
502 1204 652 1254 vates
676 1208 733 1254 et
757 1199 985 1253 Phoebo
1009 1198 1178 1265 digna
1203 1197 1390 1266 locuti,

194 1287 423 1341 [nveutas
444 1292 536 1341 aut
559 1287 653 1356 qui
678 1287 850 1340 vitam
876 1285 1165 1339 excoluere
1192 1300 1290 1352 per
1313 1287 1466 1353 tii-tiz,

194 1375 381 1443 Quique
404 1376 483 1428 sui
507 1390 779 1428 memores
805 1373 944 1427 alios
963 1374 1146 1427 fecere
1174 1373 1472 1437 merendo;

194 1463 431 1516 )mnibus
451 1463 537 1515 his
559 1463 722 1515 nivea
746 1463 1045 1530 cinguntur
1070 1467 1326 1528 tempora
1354 1462 1515 1514 vitta.

193 1550 315 1614 Quos
338 1549 691 1603 circumfusos
715 1548 794 1601 sic
817 1552 904 1602 est
925 1548 1117 1602 adtata
1139 1546 1363 1615 Sibylla,

192 1637 438 1690 dusaeum
461 1638 590 1688 ante
615 1634 824 1701 omnis3
861 1634 1103 1688 medium
1127 1650 1256 1688 nam
1279 1633 1518 1702 plurima
1545 1636 1712 1690 turba

193 1723 322 1776 {unc
342 1721 524 1787 habet,
554 1723 721 1788 atque
744 1720 950 1774 umeris
972 1725 1282 1775 exstantem
1310 1722 1538 1789 suspicit
1565 1721 1724 1776 altis:
1814 1757 1851 1784 ,κ
1952 1723 1961 1730 “

192 1809 406 1877 ‘Dicite,
435 1806 623 1861 felices
645 1806 880 1875 animae,
907 1812 1092 1877 tuque,
1121 1808 1331 1876 optime
1357 1813 1528 1876 vates,

190 1900 306 1962 luae
329 1896 483 1965 regio
512 1893 813 1962 Anchisen,
844 1895 965 1963 quis
985 1894 1157 1949 habet
1182 1896 1369 1949 locus?
1403 1895 1553 1948 illius
1577 1911 1709 1964 ergo

190 1984 422 2038 'enimus
448 1988 505 2038 et
527 1998 761 2051 magnos
783 1981 950 2036 Erebi
977 1982 1319 2036 tranavimus
1343 1985 1577 2038 amnis.”

190 2077 333 2140 ,tque
360 2072 492 2125 huic
516 2086 845 2141 responsum
870 2070 1060 2138 paucis
1081 2069 1162 2123 ita
1188 2069 1430 2124 reddidit
1456 2071 1655 2125 heros:

202 2158 357 2212 Nulli
380 2165 534 2214 certa
557 2160 789 2225 domus3
830 2157 968 2211 lucis
991 2158 1302 2212 habitamus
1330 2160 1534 2229 opacis,

191 2247 528 2316 iparumque
549 2251 707 2301 toros
730 2251 790 2298 et
814 2248 975 2313 prata
997 2247 1238 2299 recentia
1263 2248 1400 2301 rivis

191 2334 466 2387 molimus,
541 2334 650 2387 Sed
674 2350 791 2401 vos,
823 2332 870 2385 si
888 2333 1003 2387 fert
1025 2333 1106 2387 ita
1129 2333 1295 2388 corde
1322 2335 1597 2403 voluntas,

195 2437 261 2473 oc
287 2424 552 2489 superate
573 2420 792 2488 iugum3
835 2424 893 2473 et
915 2419 1066 2473 facili
1090 2420 1197 2473 iam
1225 2422 1446 2476 tramite
1471 2421 1718 2476 sistam.'’

191 2507 315 2576 ixit,
344 2512 405 2560 et
431 2510 565 2560 ante
589 2507 719 2559 tulit
745 2523 1011 2575 gressum,
1040 2495 1369 2577 camposque
1395 2509 1624 2563 nitentis

190 2610 393 2663 esuper
421 2598 700 2661 ostentat3
743 2594 944 2648 dehinc
970 2611 1182 2648 summa
1210 2597 1499 2650 cacumina
1522 2596 1797 2666 linquunt.

199 2678 286 2732 At
308 2683 483 2747 pater
508 2678 787 2733 Anchises
811 2680 1030 2748 penitus
1055 2681 1305 2735 convalle
1335 2683 1539 2736 virenti

194 2767 387 2820 clusas
410 2766 634 2819 animas
657 2782 1025 2835 superumque
1052 2768 1121 2821 ad
1145 2768 1331 2823 lumen
1355 2770 1532 2824 ituras

190 2853 440 2907 istrabat
466 2852 654 2906 studio
677 2853 941 2920 recolens,
974 2871 1303 2923 omnemque
1326 2872 1554 2910 suorum

190 2945 297 2994 »rte
320 2940 666 2994 recensebat
690 2957 981 2994 numerum
1008 2958 1273 3010 carosque
1296 2949 1547 3012 nepotes,

193 3034 381 3097 taque
406 3028 784 3095 fortunasque
807 3029 989 3081 virum
1015 3046 1307 3098 moresque
1332 3048 1654 3101 manusque.

190 3132 284 3183 [ue
304 3115 413 3169 ubi
441 3115 772 3168 tendentem
798 3114 1087 3169 adversum
1110 3133 1211 3184 per
1229 3120 1484 3185 gramina
1507 3120 1650 3173 vidit

191 3219 380 3270 nean,
413 3202 623 3255 alacris
645 3202 859 3270 palmas
882 3208 1141 3272 utrasque
1166 3204 1425 3273 tetendit,

190 3290 475 3358 'usaeque
502 3289 663 3357 genis
687 3289 964 3358 lacrimae,
993 3294 1050 3344 et
1075 3306 1186 3343 vox
1214 3292 1425 3345 excidit
1450 3309 1576 3346 ore:

191 3377 413 3430 Venisti
443 3376 699 3445 tandem,
725 3381 931 3446 tuaque
957 3383 1274 3457 exspectata
1299 3380 1520 3447 parenti

191 3465 263 3517 xit
292 3464 423 3519 iter
451 3459 660 3517 durum
685 3464 899 3532 pietas?
936 3464 1103 3519 datur
1128 3482 1226 3520 ora
1249 3466 1412 3532 tueri,

190 3556 270 3621 te,
299 3555 439 3620 tua,
481 3557 544 3603 et
568 3555 731 3605 notas
755 3552 946 3606 audire
970 3556 1029 3605 et
1053 3552 1290 3607 reddere
1317 3553 1517 3607 voces?

2090 594 2192 644 655

2090 1029 2193 1079 660

2087 1464 2189 1515 665

2084 1899 2187 1954 670

2083 2336 2185 2391 675

2083 2773 2186 2823 680

2084 3209 2184 3259 685
