2725 3917
927 262 1205 313 VERGILI
1248 261 1689 315 AENEIDOSII.

299 425 410 480 Iam
435 441 678 480 summas
701 441 855 479 arces
879 424 1143 493 Tritonia,
1171 425 1401 493 respice,
1430 424 1614 479 Pallas
2227 429 2329 481 615

296 515 520 584 Insedit,
546 514 742 568 nimbo
768 513 1035 582 effulgens
1059 518 1116 567 et
1141 513 1404 581 Gorgone
1428 528 1606 566 saeva.

296 602 419 672 Ipse
444 603 614 656 Pater
637 602 849 655 Danais
870 602 1084 655 animos
1106 600 1351 667 virisque
1377 598 1644 652 secundas

295 688 522 757 Sufficit,
551 689 668 757 ipse
693 687 825 741 deos
847 688 907 740 in
930 687 1193 742 Dardana
1216 685 1447 740 suscitat
1470 702 1641 740 arma.

294 775 477 843 Eripe,
504 779 649 840 nate,
678 775 886 843 fugam,
913 774 1190 842 finemque
1214 774 1440 841 impone
1464 772 1659 827 labori.

293 861 582 930 Nusquam
612 862 795 928 aber0,
824 865 881 914 et
909 865 1093 914 tutum
1116 861 1301 929 patrio
1326 870 1383 913 te
1406 859 1599 913 limine
1624 860 1869 915 sistam.''
2226 866 2330 916 620

291 948 544 1017 Dixerat,
571 953 628 1003 et
653 949 841 1017 spissis
863 949 1045 1002 noctis
1068 964 1127 1002 se
1149 947 1399 1001 condidit
1424 948 1649 1002 umbris.

292 1036 585 1105 Apparent
607 1035 761 1090 dirae
783 1036 958 1090 facies
978 1036 1311 1106 inimicaque
1335 1037 1532 1090 Troiae

292 1123 540 1177 Numina
559 1139 760 1191 magna
783 1123 966 1177 deum.

361 1211 505 1264 Tum
530 1226 663 1264 vero
688 1226 852 1263 omne
875 1210 1013 1263 mihi
1039 1211 1220 1264 visum
1247 1212 1536 1266 considere
1559 1212 1620 1265 in
1643 1212 1788 1280 ignis

292 1298 457 1351 Ilium
482 1301 538 1351 et
563 1313 632 1351 ex
654 1296 768 1350 imo
792 1298 936 1350 verti
961 1296 1249 1366 Neptunia
1279 1299 1478 1366 Troia3
2225 1301 2327 1353 625

291 1384 378 1439 Ac
401 1383 579 1438 veluti
602 1383 827 1437 summis
851 1385 1137 1452 antiquam
1160 1386 1219 1438 in
1243 1387 1528 1440 montibus
1551 1403 1750 1439 ornum

294 1472 432 1526 Cum
457 1472 608 1525 ferro
631 1471 865 1524 accisam
888 1471 1203 1541 crebrisque
1234 1473 1566 1542 bipennibus
1589 1475 1801 1528 instant

290 1558 501 1613 Eruere
527 1558 801 1628 agricolae
824 1562 1078 1615 certatim
1099 1579 1113 1627 3
1154 1560 1252 1614 illa
1275 1577 1448 1629 usque
1471 1560 1714 1614 minatur
1755 1610 1764 1619 ,

290 1645 362 1699 Et
384 1646 713 1701 tremefacta
735 1663 949 1701 comam
976 1663 1246 1701 concusso
1270 1648 1481 1701 vertice
1503 1652 1682 1715 nutat,

291 1731 633 1787 Volneribus
656 1734 833 1787 donec
856 1734 1125 1803 paulatim
1151 1735 1331 1788 evicta
1352 1750 1671 1802 supremum
2224 1737 2328 1788 630

293 1820 629 1890 Gongemuit
652 1821 930 1889 traxitque
953 1821 1094 1889 iugis
1119 1821 1310 1874 avulsa
1330 1822 1566 1875 ruinam.

292 1904 597 1976 Descende,
627 1924 691 1961 ac
715 1907 952 1961 ducente
976 1908 1082 1962 deo
1105 1908 1386 1962 flammam
1409 1909 1557 1962 inter
1580 1914 1637 1962 et
1659 1908 1835 1962 hostis

290 1992 606 2062 Expedior;
645 1994 781 2048 dant
804 1994 916 2050 tela
936 1995 1136 2063 locum,
1165 1994 1526 2063 flammaeque
1551 1996 1835 2050 recedunt.

358 2080 552 2149 Atque
576 2081 673 2134 ubi
695 2082 807 2135 iam
830 2083 1043 2151 patriae
1066 2085 1400 2150 perventum
1423 2082 1493 2135 ad
1519 2082 1709 2135 limina
1733 2082 1879 2135 sedis

293 2163 675 2237 Antiquasque
698 2169 909 2237 domos,
937 2170 1169 2238 genitor,
1200 2186 1364 2237 quem
1388 2169 1582 2223 tollere
1605 2169 1663 2220 in
1687 2169 1830 2222 altos
2223 2170 2326 2222 635

293 2253 572 2323 Optabam
596 2257 837 2325 primum
861 2257 1067 2310 montis
1088 2257 1437 2325 primumque
1460 2256 1732 2324 petebam,
1817 2291 1824 2298 ·

226 2342 230 2348 '
290 2340 551 2413 Abnegat
576 2344 759 2398 excisa
780 2343 952 2397 vitam
974 2343 1279 2412 producere
1302 2343 1472 2397 Troia

288 2425 669 2499 Exsiliumque
693 2429 827 2499 pati.
907 2431 940 2459 ‘⁶
960 2429 1083 2485 Vos
1107 2447 1158 2498 0,
1188 2431 1387 2500 quibus
1411 2432 1628 2498 integer
1652 2431 1774 2483 aevi

289 2512 521 2585 Sanguis
541 2517 573 2545 ”
600 2518 679 2571 ait
727 2517 762 2547 “
793 2516 1105 2586 solidaeque
1130 2534 1230 2571 suo
1254 2522 1407 2571 stant
1429 2518 1630 2571 robore
1656 2517 1816 2586 vires,

288 2599 408 2656 Vos
433 2604 644 2672 agitate
667 2605 875 2673 fugam.
2221 2608 2325 2659 640

287 2684 377 2740 Me
406 2689 453 2742 si
485 2689 779 2744 caelicolae
802 2689 1108 2745 voluissent
1133 2691 1334 2745 ducere
1356 2691 1549 2758 vitam,

285 2772 401 2828 Has
424 2775 566 2829 mihi
589 2782 902 2831 servassent
925 2777 1099 2831 sedes.
1176 2777 1323 2832 Satis
1346 2794 1456 2831 una
1481 2794 1752 2846 superque

286 2859 548 2917 Vidimus
572 2864 818 2918 exscidia
839 2869 897 2918 et
920 2870 1114 2934 captae
1139 2868 1517 2934 superavimus
1541 2865 1681 2919 urbi.

285 2946 375 3001 Sic
402 2967 455 3019 o,
483 2951 563 3005 sic
587 2951 833 3020 positum
857 2951 1030 3005 adfati
1053 2952 1318 3007 discedite
1344 2969 1561 3021 corpus.

284 3032 410 3103 Ipse
433 3053 605 3091 manu
629 3041 867 3091 mortem
893 3038 1204 3107 inveniam3
1243 3040 1596 3094 miserebitur
1618 3038 1798 3092 hostis
2221 3043 2322 3094 645

282 3121 639 3193 Exuviasque
661 3128 850 3194 petet3
892 3125 1074 3179 facilis
1099 3126 1314 3182 iactura
1339 3126 1595 3196 sepulcri.

284 3207 402 3262 Iam
426 3212 643 3280 pridem
670 3212 881 3265 invisus
904 3212 1046 3266 divis
1070 3217 1128 3266 et
1151 3213 1364 3268 inutilis
1390 3229 1566 3268 annos

282 3292 575 3366 Demoror,
604 3315 675 3352 ex
700 3315 812 3367 quo
836 3315 925 3352 me
950 3299 1140 3352 divom
1161 3304 1323 3368 pater
1350 3305 1516 3368 atque
1538 3299 1831 3353 hominum
1854 3315 1954 3353 rex

281 3380 556 3438 Fulminis
580 3384 812 3439 adflavit
835 3385 1014 3440 ventis
1038 3391 1095 3439 et
1120 3386 1354 3454 contigit
1376 3386 1548 3454 igni.’'

350 3467 511 3527 Talia
529 3472 819 3541 perstabat
840 3488 1170 3542 memorans,
1198 3472 1448 3541 fixusque
1469 3473 1747 3528 manebat.
2218 3471 2323 3525 650

278 3553 407 3642 ῃ
422 3561 629 3620 mtra
648 3558 816 3613 effusi
839 3558 1081 3614 lacrimis
1105 3560 1456 3630 coniunxque
1484 3559 1692 3614 Creusa

274 3665 331 3698 ·.·
352 3667 387 3694 ,-
428 3667 439 3676 ,
