2725 3917
962 257 1241 309 VERGILI
1286 256 1547 307 ECLOGA
1586 256 1675 308 VI.

293 419 521 487 Semper
544 418 726 472 honos
747 436 1060 489 nomenque
1086 426 1240 473 tuum
1266 420 1564 489 laudesque
1588 421 1908 475 manebunt.

292 505 371 559 Ut
394 505 615 559 Baccho
642 504 954 575 Cererique,
983 508 1088 561 tibi
1116 509 1193 560 sic
1220 512 1355 560 vota
1380 508 1677 574 quotannis

290 591 583 660 Agricolae
608 592 817 646 facient
838 613 851 660 ς
892 593 1177 647 damnabis
1201 599 1262 646 tu
1291 610 1509 662 quoque
1532 593 1694 647 votis.

360 678 505 733 Mor.
548 680 704 746 Quae
728 680 846 747 tibi,
876 696 1015 748 quae
1039 680 1139 732 tali
1163 679 1393 734 reddam
1416 695 1520 747 pro
1545 680 1786 734 carmine
1810 680 1999 735 dona?

291 764 433 819 Nam
457 782 638 835 neque
660 782 751 819 me
775 772 993 819 tanturn
1018 766 1292 820 venientis
1316 766 1510 820 sibilus
1534 766 1722 834 austri,

290 850 409 906 Nec
434 869 694 921 percussa
716 854 911 906 iuvant
933 851 1105 905 fluctu
1128 859 1245 905 tam
1270 852 1453 920 litora,
1482 868 1583 906 nec
1608 869 1749 922 quae

289 939 525 992 Saxosas
546 940 695 993 inter
718 939 1020 993 decurrunt
1043 938 1274 992 fiumina
1298 939 1484 993 valles,

289 1024 440 1078 ΜΕΝ.
479 1025 600 1079 Hac
624 1031 681 1079 te
704 1042 809 1079 nos
832 1025 1018 1094 fragili
1043 1025 1375 1080 donabimus
1399 1029 1531 1079 ante
1555 1026 1751 1080 cicuta.

290 1112 441 1166 Haeo
463 1129 566 1165 nos
595 1115 630 1141 “
647 1113 973 1166 Formosum
1004 1111 1268 1179 Corydon
1294 1112 1526 1167 ardebat
1550 1113 1828 1181 Alexim,”

289 1198 439 1253 Haec
463 1200 654 1253 eadem
680 1200 869 1255 docuit
898 1200 931 1228 “
952 1199 1151 1253 Caium
1175 1200 1382 1268 pecus?
1419 1216 1490 1254 an
1516 1199 1813 1254 Meliboei?
1836 1200 1870 1228 ”

286 1285 436 1340 Mor.
476 1287 555 1339 At
579 1292 642 1339 tu
668 1303 819 1339 sume
844 1286 1064 1355 pedum,
1095 1286 1259 1355 quod,
1288 1303 1377 1340 me
1401 1303 1527 1340 cum
1552 1302 1716 1354 saepe
1739 1292 1975 1356 rogaret,

288 1371 417 1425 Non
441 1373 570 1426 tulit
592 1370 1033 1440 Antigenes--et
1057 1380 1176 1425 erat
1202 1378 1318 1425 tum
1348 1373 1546 1441 dignus
1572 1373 1815 1426 amari—

286 1457 614 1513 Formosum
636 1460 863 1528 paribus
886 1459 1047 1513 nodis
1071 1464 1237 1528 atque
1263 1475 1406 1528 aere,
1435 1459 1702 1513 Menalca.

1194 1638 1399 1649 ——.—.

1071 1755 1378 1812 ECLOGA
1425 1756 1528 1812 VI.

1180 1879 1419 1926 VARUS.

285 1984 471 2039 Prima
494 1985 786 2053 Syracosio
810 1986 1034 2056 dignata
1058 1990 1143 2041 est
1165 1986 1359 2041 ludere
1386 2003 1548 2041 versu

284 2071 489 2126 Nostra
511 2090 616 2127 nec
640 2074 863 2127 erubuit
887 2062 1054 2128 silvas
1079 2074 1330 2128 habitare
1356 2074 1566 2129 Thalia.

284 2158 422 2213 Cum
448 2177 700 2214 canerem
726 2177 886 2229 reges
910 2166 967 2214 et
990 2161 1216 2229 proelia,
1247 2161 1522 2229 Cynthius
1546 2178 1734 2216 aurem
1823 2229 1830 2235 ⁴

284 2245 472 2315 Vellit,
502 2253 560 2300 et
584 2247 904 2301 admonuit:
949 2249 982 2276 “
1002 2247 1308 2315 Pastorem,
1337 2248 1543 2317 Tityre,
1574 2250 1793 2317 pinguis

281 2331 512 2387 Pascere
539 2339 760 2402 oportet
785 2335 919 2400 ovis,
949 2334 1247 2387 deductum
1272 2334 1455 2388 dicere
1481 2336 1758 2390 carmen.’‘

280 2418 442 2473 Nunc
468 2437 876 2489 ego—namque
902 2437 1067 2489 super
1093 2421 1194 2474 tibi
1219 2427 1398 2490 erunt,
1430 2423 1521 2491 qui
1548 2423 1731 2476 dicere
1756 2422 1961 2492 laudeS,

281 2506 446 2576 Vare,
475 2512 598 2561 tuas
623 2508 852 2576 cupiant
876 2513 933 2561 et
958 2509 1141 2562 tristia
1166 2509 1406 2563 condere
1433 2509 1649 2563 bella—

281 2593 572 2662 Agrestem
594 2596 751 2647 tenui
776 2595 1085 2649 meditabor
1107 2596 1416 2649 harundine
1440 2595 1669 2650 Musam.

280 2680 403 2734 Non
428 2682 637 2734 iniussa
661 2698 818 2734 can0.
894 2681 950 2734 Si
979 2683 1100 2750 quis
1124 2688 1310 2737 tamen
1335 2684 1475 2737 haec
1501 2699 1734 2752 quoque,
1765 2684 1811 2737 si
1837 2685 1958 2753 quis

280 2766 486 2835 Captus
510 2783 698 2821 amore
722 2763 969 2835 leget,‘te
993 2773 1230 2835 nostrae,
1262 2768 1430 2837 Vare,
1459 2769 1715 2836 myricae,

279 2853 352 2906 Te
374 2870 571 2907 nemus
596 2871 762 2908 omne
789 2859 983 2922 canet3
1022 2871 1126 2908 nec
1151 2855 1379 2909 Phoebo
1405 2855 1613 2923 gratior
1636 2855 1749 2909 ulla
1773 2861 1871 2925 est,

279 2940 452 3005 Quam
480 2942 586 2995 sibi
612 2958 749 3010 quae
773 2941 912 2995 Vari
936 2942 1288 3010 praescripsit
1311 2942 1516 3009 pagina
1539 2957 1760 2995 nomen.

344 3025 585 3095 Pergite,
613 3026 876 3082 Pierides,
951 3027 1208 3081 Chromis
1232 3033 1288 3081 et
1312 3027 1591 3095 Mnasylos
1613 3030 1668 3081 in
1696 3033 1856 3082 antro

278 3112 518 3168 Silenum
543 3115 703 3182 pueri
730 3131 924 3168 somno
949 3114 1138 3168 videre
1162 3115 1449 3182 iacentem,

275 3199 535 3254 Inflatum
563 3201 818 3255 hesterno
842 3219 1027 3269 venas,
1055 3206 1120 3254 ut
1144 3217 1377 3269 semper,
1407 3202 1641 3256 Iaccho:

275 3285 435 3340 Serta
458 3287 656 3354 procul
680 3292 895 3341 tantum
923 3288 1091 3356 capiti
1117 3287 1340 3356 delapsa
1364 3289 1635 3356 iacebant,

272 3370 346 3424 Et
369 3372 556 3440 gravis
580 3374 775 3427 attrita
798 3373 1075 3442 pendebat
1100 3375 1397 3428 cantharus
1422 3392 1570 3429 ansa.

272 3458 742 3530 Aggressi—nam
766 3477 927 3528 saepe
952 3477 1119 3514 senex
1144 3477 1243 3529 spe
1267 3462 1527 3515 carminis
1550 3463 1715 3516 ambo

271 3545 815 3602 Luserat-iniciunt
835 3548 970 3616 ipsis
995 3564 1063 3600 ex
1089 3547 1308 3601 vincula
1331 3549 1511 3603 sertis.

2263 598 2333 650 80

2262 1031 2328 1082 85

2257 1465 2327 1515 90

2250 2775 2318 2827 10

2248 3204 2315 3258 15
