2725 3917
1035 276 1311 327 VERGILI
1354 275 1684 326 AENEIDOS
1728 275 1845 326 VII.

426 439 572 493 Hinc
597 438 770 506 illum,
799 436 1032 505 Corythi
1060 437 1342 505 Tyrrhena
1369 438 1437 492 ab
1464 438 1592 492 sede
1616 439 1948 508 profectum,

426 526 616 579 Aurea
638 541 785 578 nunc
809 525 946 579 solio
973 524 1244 578 stellantis
1269 524 1422 593 regia
1447 525 1584 578 caeli

426 612 649 681 Accipit
674 616 730 665 et
754 627 1044 665 numerum
1074 610 1330 664 divorum
1358 611 1623 665 altaribus
1649 608 1858 665 addit.”

494 697 757 764 Dixerat3
799 703 857 751 et
880 697 1030 751 dicta
1055 697 1295 751 Ilioneus
1323 698 1403 751 sic
1425 714 1563 751 voce
1588 704 1837 752 secutus:

429 786 464 814 ‘⁴
484 785 619 851 Reiz,
649 801 822 852 genus
846 785 1126 852 egregium
1151 783 1342 852 Fauni,
1373 800 1475 838 nec
1501 784 1757 838 fluctibus
1782 790 1937 839 actos

426 872 569 925 Atra
593 870 807 938 subegit
831 870 1009 924 hiems
1035 871 1232 924 vestris
1256 871 1549 925 succedere
1575 872 1752 940 terrie,

426 956 544 1010 Nec
569 956 720 1009 sidus
743 958 968 1025 regione
994 958 1117 1011 viae
1140 958 1341 1012 litusve
1365 958 1595 1025 fefellit3

427 1042 672 1097 Consilio
698 1042 841 1096 hanc
868 1060 1059 1097 omnes
1088 1044 1392 1113 animisque
1420 1043 1728 1098 volentibus
1753 1045 1945 1099 urbem

427 1128 765 1197 Adferimur,
793 1129 937 1197 pulsi
961 1131 1161 1199 regnis,
1190 1146 1327 1198 quae
1353 1131 1592 1184 maxima
1617 1130 1892 1199 quondam

424 1215 690 1270 Extremo
716 1216 946 1269 veniens
973 1216 1067 1269 Sol
1094 1216 1395 1285 aspiciebat
1424 1216 1680 1285 Olympo,

423 1303 520 1356 Ab
544 1301 676 1355 Iove
703 1302 1037 1371 principium
1063 1303 1310 1370 generis3
1352 1303 1486 1357 Iove
1509 1302 1771 1357 Dardana
1793 1304 1968 1373 pubes

426 1388 648 1443 Gaudet
672 1403 812 1455 avo;
852 1403 951 1441 rex
975 1387 1092 1456 ipse
1116 1387 1266 1456 Iovis
1290 1388 1360 1443 de
1384 1394 1548 1458 gente
1586 1406 1857 1459 suprema,

427 1475 620 1529 Troius
646 1474 882 1543 Aeneae,
912 1481 1010 1530 tua
1034 1493 1137 1529 nos
1160 1478 1226 1531 ad
1253 1477 1444 1532 limina
1467 1478 1631 1532 misit.

428 1561 649 1626 Quanta
673 1578 772 1630 per
798 1561 994 1615 Idaeos
1018 1562 1196 1615 saevis
1219 1563 1394 1617 effusa
1417 1564 1665 1631 Mycenis

426 1648 744 1717 Tempestas
770 1648 898 1702 ierit
923 1665 1162 1718 campos,
1194 1650 1391 1719 quibus
1416 1660 1570 1704 actus
1595 1660 1828 1720 uterque

426 1736 682 1804 Europae
709 1740 875 1804 atque
900 1736 1069 1790 Asiae
1094 1736 1222 1790 fatis
1247 1738 1587 1790 concurrerit
1614 1738 1777 1805 orbis,

426 1821 641 1891 Audiit,
669 1827 726 1875 et
751 1823 797 1875 si
822 1839 982 1891 quem
1008 1823 1173 1877 tellus
1199 1830 1445 1878 extrema
1469 1826 1651 1878 refuso

426 1911 729 1966 Submovet
754 1911 993 1981 Ocean0,
1024 1917 1080 1965 et
1106 1912 1150 1965 si
1178 1930 1337 1982 quem
1365 1915 1592 1966 extenta
1612 1911 1895 1981 plagarum

428 1998 705 2064 Quattuor
729 2000 785 2051 in
812 1999 998 2052 medio
1022 2000 1234 2053 dirimit
1259 2000 1420 2069 plaga
1444 2000 1586 2053 Solis
1610 1999 1801 2067 iniqui.

426 2085 650 2138 Diluvio
677 2102 745 2138 ex
768 2085 866 2138 illo
888 2089 976 2139 tot
999 2096 1157 2140 vasta
1178 2103 1277 2155 per
1301 2104 1541 2156 aequora
1564 2086 1708 2139 vecti

427 2173 530 2227 Dis
556 2174 740 2228 sedem
767 2175 1020 2243 exiguam
1044 2175 1238 2243 patriis
1262 2175 1501 2244 litusque
1527 2190 1781 2243 rogamus

426 2261 733 2315 Innocuum
759 2266 814 2315 et
839 2262 1051 2315 cunctis
1074 2261 1387 2331 undamque
1414 2278 1713 2330 auramque
1738 2265 2037 2329 patentem.

426 2346 558 2401 Non
584 2348 788 2402 erimus
815 2365 987 2417 regno
1010 2348 1309 2415 indecoreS,
1337 2366 1442 2402 nec
1469 2353 1650 2402 vestra
1671 2348 1888 2400 feretur

426 2434 599 2489 Fama
622 2434 773 2502 levis,
803 2436 1056 2505 tantique
1082 2435 1360 2489 abolescet
1384 2436 1562 2504 gratia
1585 2435 1729 2499 facti,

425 2521 546 2576 Nec
572 2522 792 2577 Troiam
818 2523 1099 2577 Ausonios
1123 2524 1332 2592 gremio
1358 2522 1636 2591 excepisse
1668 2520 1895 2589 pigebit.

424 2608 567 2663 'Fata
587 2626 690 2678 per
716 2610 940 2665 Aeneae
964 2611 1087 2664 iuro
1110 2610 1471 2680 dextramque
1496 2613 1800 2679 potentem,

427 2693 556 2748 Sive
582 2694 690 2748 fide
716 2712 812 2749 seu
841 2696 962 2765 quis
984 2697 1133 2750 bello
1160 2702 1242 2750 est
1267 2702 1526 2765 expertus
1553 2702 1608 2750 et
1634 2696 1833 2750 armis:

425 2778 590 2833 Multi
614 2798 717 2834 nos
739 2781 946 2851 populi,
977 2783 1323 2837 multae—ne
1347 2789 1550 2850 temne,
1581 2783 1727 2853 quod
1752 2782 1900 2835 ultro

424 2864 802 2920 Praeferimus
825 2868 1080 2923 manibus
1107 2868 1274 2923 vittas
1299 2887 1362 2923 ae
1387 2871 1557 2924 verba
1579 2868 1933 2939 precantia—

424 2951 502 3005 Et
525 2953 735 3020 petiere
760 2954 863 3006 sibi
891 2959 947 3007 et
972 2955 1195 3008 voluere
1221 2955 1518 3023 adiungere
1541 2961 1759 3024 gentes;

427 3038 536 3093 Sed
561 3054 664 3092 nos
686 3039 807 3093 fata
833 3039 995 3093 deum
1022 3045 1233 3095 vestras
1261 3043 1549 3111 exquirere
1572 3047 1750 3095 terras

425 3124 681 3194 Imperiis
705 3142 865 3193 egere
890 3126 1017 3179 suis,
1093 3126 1239 3180 Hinc
1264 3127 1557 3181 Dardanus
1582 3133 1768 3193 ortus;

426 3211 554 3265 Huc
579 3212 808 3281 repetit3
849 3211 1114 3280 iussisque
1140 3213 1455 3280 ingentibus
1481 3218 1639 3280 urget
1666 3211 1869 3280 Apollo

426 3297 772 3364 Tyrrhenum
800 3297 870 3351 ad
894 3296 1157 3365 Thybrim
1188 3307 1243 3351 et
1267 3299 1444 3351 fontis
1470 3298 1611 3351 vada
1635 3314 1790 3351 sacra
1814 3296 2056 3351 Numici.

424 3382 540 3438 Dat
562 3385 668 3438 tibi
692 3389 980 3453 praeterea
1002 3383 1282 3437 Fortunae
1308 3400 1482 3452 parva
1508 3383 1710 3451 prioris

423 3467 671 3539 Munera,
699 3471 957 3541 reliquias
981 3469 1144 3523 Troia
1170 3487 1237 3523 ex
1264 3470 1493 3525 ardente
1522 3479 1787 3538 receptas,

427 3553 548 3609 Hoc
571 3561 729 3625 pater
752 3555 1022 3611 Anchises
1046 3572 1181 3610 auro
1205 3555 1417 3611 libabat
1440 3556 1508 3609 ad
1534 3573 1655 3611 aras
1674 3575 1689 3625 3

2355 528 2462 579 210

2353 962 2458 1013 215

2354 1395 2459 1445 220

2352 1827 2459 1878 225

2353 2260 2459 2311 230

2353 2696 2459 2748 235

2357 3127 2463 3178 240

2358 3557 2465 3609 245
