2725 3917
960 251 1238 303 VERGILI
1280 254 1612 304 AENEIDOS
1654 255 1717 305 V.

329 411 685 482 NudatoQue
709 428 927 466 umeros
952 412 1075 467 oleo
1099 414 1320 482 perfusa
1342 414 1581 470 nitescit.
1861 479 1868 494 ὓ
2253 418 2355 470 135

331 497 632 551 Considunt
656 499 926 568 transtris,
955 498 1279 568 intentaque
1306 500 1567 556 bracchia
1590 503 1790 571 remis3
1846 513 1858 570 ᾗ

326 583 531 638 Intenti
556 589 883 653 exspectant
907 585 1146 655 signum,
1177 587 1618 657 exsultantiaque
1643 589 1830 642 haurit

326 670 506 724 Corda
527 686 703 739 pavor
726 670 951 738 pulsans
972 671 1305 741 laudumque
1330 679 1547 727 arrecta
1570 674 1789 743 cupido.

323 755 475 824 Inde,
503 757 600 810 ubi
622 757 772 811 clara
795 757 949 811 dedit
966 759 1209 811 sonitum
1235 760 1386 828 tuba,
1413 759 1616 813 finibus
1641 777 1845 830 omnes,

324 842 486 896 Haud
510 859 681 912 mora,
709 843 1014 912 prosiluere
1039 846 1184 913 suis3
1223 846 1357 899 ferit
1382 846 1607 901 aethera
1630 847 1839 902 clamor
2252 852 2354 904 140

322 930 607 999 Nauticus,
637 930 885 984 adductis
910 937 1170 1001 spumant
1192 932 1336 986 freta
1358 949 1519 987 versa
1541 933 1777 989 lacertis.

319 1017 608 1071 Infindunt
630 1017 840 1084 pariter
864 1018 1060 1086 sulcos,
1088 1024 1380 1089 totumque
1405 1019 1640 1074 dehiscit

320 1104 661 1159 Convulsum
685 1105 853 1158 remis
878 1106 1179 1174 rostrisque
1203 1105 1534 1160 tridentibus
1559 1123 1776 1176 aequor.

319 1189 444 1244 Non
472 1195 589 1244 tam
611 1191 942 1260 praecipites
965 1191 1152 1259 biiugo
1175 1194 1475 1246 certamine
1499 1209 1751 1262 campum

320 1274 652 1343 Corripuere
676 1281 951 1344 ruuntque
976 1275 1133 1329 effusi
1157 1293 1378 1330 carcere
1401 1293 1610 1360 currus
2248 1284 2348 1334 145

318 1361 440 1416 Nec
464 1362 543 1415 sic
566 1362 828 1416 immissis
857 1364 1078 1432 aurigae
1098 1363 1365 1418 undantia
1386 1364 1508 1419 lora

321 1448 658 1503 Concussere
685 1450 828 1518 iugis
854 1451 1126 1519 pronique
1148 1451 1206 1504 in
1233 1453 1463 1506 verbera
1485 1453 1747 1522 pendent.
1786 1482 1795 1489 ·

319 1536 457 1589 Tum
482 1536 677 1605 plausu
701 1536 1036 1604 fremituque
1061 1536 1241 1589 virum
1266 1538 1566 1607 studiisque
1588 1540 1880 1594 faventum

322 1624 606 1679 Consonat
629 1641 791 1679 omne
814 1641 1024 1693 nemus,
1053 1641 1351 1695 vocemque
1376 1626 1589 1680 inclusa
1613 1625 1868 1679 volutant

316 1711 523 1781 Litora,
552 1712 753 1781 pulsati
780 1711 946 1766 colles
971 1711 1210 1766 clamore
1233 1710 1521 1765 resultant.
2246 1717 2347 1768 150

316 1801 532 1869 Effugit
560 1805 687 1855 ante
715 1799 852 1853 alios
876 1801 1176 1870 primisque
1201 1801 1438 1856 elabitur
1460 1803 1623 1856 undis

317 1887 555 1942 Turbam
582 1888 729 1942 inter
756 1888 1149 1956 fremitumque
1175 1887 1352 1956 Gyas3
1395 1906 1556 1957 quem
1580 1889 1779 1943 deinde
1806 1889 2114 1943 Cloanthus

317 1977 703 2047 Consequitur,
735 1978 930 2033 melior
955 1979 1135 2046 remisi,
1164 1977 1261 2031 sed
1284 1976 1529 2045 pondere
1552 1977 1713 2045 pinus

312 2063 501 2124 Tarda
518 2071 689 2121 tenet.
762 2066 899 2120 Post
919 2066 1025 2120 hos
1049 2083 1225 2135 aequo
1248 2067 1562 2121 discrimine
1586 2067 1785 2120 Pristis

313 2150 730 2220 Centaurusque
753 2151 937 2206 locum
962 2152 1198 2207 tendunt
1222 2170 1481 2232 super—are
1504 2154 1745 2222 priorem
1764 2172 1778 2220 ;
2243 2154 2344 2206 155

307 2240 388 2295 Et
410 2258 558 2296 nunc
583 2242 778 2297 Pristis
803 2243 988 2312 habet,
1019 2260 1166 2297 nunc
1193 2244 1394 2297 victam
1421 2243 1685 2312 praeterit
1707 2242 1901 2309 iugens

308 2330 639 2401 Centaurus,
669 2349 818 2386 nunc
842 2349 954 2386 una
978 2334 1168 2386 ambae
1191 2333 1499 2402 iunctisque
1523 2334 1783 2387 feruntur

302 2417 611 2472 Frontibus
636 2425 693 2473 et
715 2420 881 2489 longa
904 2420 1115 2474 sulcant
1140 2419 1282 2474 vada
1304 2420 1445 2474 salsa
1468 2421 1669 2474 carina.

300 2504 541 2575 Iamque
563 2506 1012 2576 propinquabant
1036 2507 1264 2575 scopulo
1287 2511 1597 2575 metamque
1621 2505 1902 2575 tenebant,

299 2591 455 2647 Cum
481 2593 736 2663 princeps
758 2593 1052 2662 medioque
1081 2593 1232 2661 Gyas
1255 2593 1314 2645 in
1339 2593 1555 2661 gurgite
1583 2592 1757 2646 victor
2243 2594 2343 2645 160

294 2678 608 2736 Rectorem
631 2681 791 2737 navis
814 2680 1107 2749 compellat
1129 2696 1266 2734 voce
1288 2678 1614 2733 Menoeten:

297 2767 335 2796 “
354 2766 489 2832 Quo
512 2771 732 2821 tantum
757 2767 895 2820 mihi
922 2766 1115 2820 dexter
1139 2766 1294 2820 abis?
1330 2766 1441 2820 huc
1465 2765 1641 2833 dirige
1665 2780 1940 2833 gressum3

289 2852 464 2907 Litus
488 2870 630 2922 ama,
660 2857 717 2908 et
739 2853 926 2907 laevas
954 2855 1187 2921 stringat
1213 2853 1328 2906 sine
1352 2852 1592 2922 palmula
1616 2855 1833 2918 cautes;

287 2941 504 2995 Altum
532 2940 627 2994 alii
650 2945 896 2994 teneant.
906 2940 938 2968 ’‘
1010 2938 1195 3004 Dixit3
1237 2938 1331 2992 sed
1357 2955 1523 2993 caeca
1544 2938 1830 2993 Menoetes

286 3028 449 3083 Saxa
473 3028 681 3082 timens
704 3042 927 3094 proram
950 3025 1131 3094 pelagi
1154 3026 1448 3093 detorquet
1470 3025 1540 3079 ad
1564 3025 1755 3080 undas.
2241 3027 2341 3078 165

287 3118 325 3147 ‘⁴
348 3116 488 3182 Quo
515 3114 771 3168 diversus
798 3113 947 3167 abis?
966 3112 998 3140 ”
1035 3113 1236 3165 iterum
1268 3113 1302 3142 “
1319 3111 1457 3166 Pete
1483 3128 1628 3179 saxa,
1652 3112 1934 3166 Menoetet
1961 3112 1994 3139 ”

282 3202 435 3257 Cum
467 3200 717 3255 clamore
743 3198 895 3265 Gyas
918 3200 1244 3266 revocabat3
1286 3203 1342 3253 et
1368 3215 1493 3253 ecce
1519 3198 1853 3272 Cloanthum

278 3288 556 3360 Respicit
580 3287 881 3365 instantem
905 3291 1077 3354 tergo,
1107 3290 1163 3340 et
1186 3286 1447 3354 propiora
1470 3289 1767 3339 tenentem.

274 3378 385 3432 1110
412 3378 576 3430 inter
599 3388 912 3441 navemque
938 3372 1092 3439 Gyae
1115 3371 1475 3441 scopulosque
1501 3372 1749 3425 sonantis

272 3463 465 3522 Radit
491 3463 609 3516 iter
632 3460 855 3513 laevum
876 3458 1124 3528 interior,
1145 3459 1441 3528 subitoque
1464 3459 1710 3527 priorem
2239 3453 2341 3514 1⁹70

270 3548 585 3610 haeserit
608 3550 669 3601 et
692 3544 858 3599 metis
880 3549 1036 3601 tenet
1059 3562 1297 3616 aequora
1318 3549 1442 3601 tuta
1464 3544 1688 3600 relictis,
