2725 3917
1061 218 1337 289 V'ERGILI
1383 222 1737 288 AnNmnos'
1758 238 1798 288 L

413 398 543 453 Non
568 400 826 468 potuisse,
854 403 1056 469 tuaque
1082 399 1324 453 animam
1348 400 1492 453 hanc
1518 398 1801 452 effundere
1827 398 2037 468 dextra,

415 486 622 540 Saevus
646 487 740 539 ubi
767 487 1043 540 Aeacidae
1067 486 1179 540 telo
1202 487 1346 540 iacet
1372 486 1596 553 Hector,
1625 486 1721 538 ubi
1744 486 1941 553 ingens

414 572 714 640 Sarpedon,
741 573 836 625 ubi
862 577 948 626 tot
975 573 1175 626 Simois
1199 577 1455 641 correpta
1479 572 1581 625 sub
1606 572 1768 624 undis
1873 619 1874 622 ,

380 711 387 716 .
415 659 584 712 Scuta
607 660 788 712 virum
813 659 1101 728 galeasque
1128 665 1185 713 et
1207 660 1382 713 fortia
1405 674 1640 727 corpora
1665 658 1841 711 volvit
1862 659 1881 711 2
1902 658 1934 685 ’'

484 745 637 799 Talia
657 746 887 799 iactanti
913 745 1151 799 stridens
1175 745 1453 814 Aquilone
1477 744 1719 814 procella

413 833 617 886 Velum
646 832 874 886 adversa
896 833 1044 900 ferit,
1074 832 1382 901 fluctusque
1408 831 1478 885 ad
1502 830 1684 884 sidera
1708 830 1869 884 tollit.

413 919 768 986 Franguntur
790 919 925 972 remi
945 938 957 985 3
998 923 1117 972 tum
1142 935 1309 986 prora
1334 918 1553 986 avertit,
1582 921 1640 970 et
1663 917 1827 970 undis

413 1004 525 1058 Dat
549 1005 718 1072 latus3
759 1006 1067 1073 insequitur
1094 1005 1314 1058 cumulo
1338 1009 1671 1074 praeruptus
1696 1020 1866 1071 aquae
1891 1021 2069 1060 mons.

414 1090 489 1143 Hi
514 1108 727 1144 summo
752 1092 812 1144 in
837 1091 1007 1144 fluctu
1032 1090 1292 1158 pendent,
1322 1090 1411 1142 his
1434 1090 1586 1143 unda
1611 1089 1898 1144 dehiscens

413 1177 639 1230 Terram
663 1178 811 1230 inter
835 1177 1035 1229 fluctus
1060 1177 1268 1244 aperit3
1310 1175 1451 1229 furit
1474 1181 1658 1229 aestus
1681 1175 1917 1231 harenis,

414 1262 534 1314 Tris
558 1262 739 1316 Notus
765 1264 1021 1331 abreptas
1044 1264 1103 1315 in
1129 1278 1258 1315 saxa
1279 1260 1509 1315 latentia
1533 1266 1830 1329 torquet-

415 1348 560 1401 Saxa
582 1354 783 1401 vocant
806 1348 930 1402 Itali
957 1348 1149 1401 mediis
1173 1364 1313 1416 quae
1334 1348 1396 1400 in
1420 1346 1679 1401 fluctibus
1703 1347 1864 1415 AraS,

414 1434 650 1487 Dorsum
679 1435 918 1488 immane
943 1434 1082 1488 mari
1108 1434 1497 1487 summo-tris
1519 1433 1702 1485 Eurus
1726 1433 1794 1486 ab
1818 1435 1931 1488 alto

412 1520 479 1571 In
506 1521 696 1574 brevia
720 1526 775 1574 et
801 1520 979 1587 Syrtis
1003 1526 1182 1589 urget,
1211 1519 1522 1574 miserabile
1547 1519 1684 1587 visu,

412 1606 710 1675 Inliditque
735 1607 889 1660 vadis
913 1613 1077 1676 atque
1102 1623 1301 1674 aggere
1325 1605 1497 1674 cingit
1522 1604 1776 1659 harenae.

413 1692 608 1761 Unam,
640 1710 776 1761 quae
801 1694 1000 1759 Lycios
1034 1693 1314 1761 fidumque
1339 1691 1577 1746 vehebat
1602 1691 1870 1761 Oronten,

412 1779 591 1847 Ipsius
615 1785 743 1834 ante
769 1780 954 1834 oculos
977 1781 1172 1849 ingens
1196 1797 1230 1835 a
1254 1781 1462 1834 vertice
1487 1785 1693 1850 pontus

412 1865 477 1918 In
504 1868 732 1935 puppim
759 1868 920 1921 ferit:
963 1868 1239 1922 excutitur
1262 1884 1578 1937 pronusque
1605 1867 1870 1935 magister

412 1951 675 2006 Volvitur
698 1955 755 2006 in
781 1959 979 2022 caput3
1020 1959 1105 2008 ast
1129 1954 1279 2008 illam
1304 1960 1391 2007 ter
1415 1953 1614 2007 fluctus
1637 1952 1841 2008 ibidem

413 2039 654 2108 Torquet
680 2056 845 2108 agens
869 2042 1092 2107 circum,
1113 2045 1170 2094 et
1192 2040 1420 2109 rapidus
1443 2045 1603 2093 vorat
1628 2056 1866 2108 aequore
1889 2044 2101 2095 vertex.

414 2123 701 2191 Apparent
724 2127 835 2178 rari
861 2134 1056 2179 nantes
1079 2125 1137 2178 in
1162 2126 1381 2194 gurgite
1405 2131 1579 2193 vasto,

412 2210 588 2263 Arma
611 2211 806 2278 virum,
835 2211 1181 2279 tabulaeque,
1211 2216 1269 2265 et
1295 2211 1460 2265 Troia
1484 2228 1621 2279 gaza
1643 2230 1743 2282 per
1770 2212 1962 2267 undas·

412 2294 526 2347 Iam
558 2296 792 2349 validam
821 2296 1014 2349 Ilionei
1036 2313 1251 2366 navem,
1279 2297 1390 2352 iam
1416 2298 1575 2353 fortis
1599 2300 1867 2368 Achatae,

411 2381 485 2433 Et
511 2398 617 2449 qua
641 2389 833 2435 vectus
855 2382 1022 2446 Abas,
1053 2389 1110 2436 et
1135 2400 1240 2452 qua
1266 2384 1609 2452 grandaevus
1635 2386 1843 2454 Aletes,
1866 2445 1873 2452 ‚

412 2467 565 2520 Vicit
589 2468 794 2534 hiems3
835 2468 1233 2522 laxis-laterum
1257 2472 1615 2540 compagibus
1640 2488 1831 2525 omnes

412 2552 710 2621 Accipiunt
735 2554 1015 2608 inimicum
1043 2555 1290 2625 imbrem,
1318 2558 1581 2626 rimisque
1605 2558 1881 2611 fatiscunt.

481 2639 703 2693 Interea
726 2657 927 2707 magno
951 2642 1169 2695 misceri
1192 2660 1476 2698 murmure
1500 2652 1750 2713 pontum,

411 2727 789 2795 Emissamque
813 2727 1049 2782 hiemem
1076 2730 1244 2782 sensit
1269 2728 1565 2798 Neptunus
1591 2737 1649 2785 et
1672 2731 1799 2783 imis

412 2812 618 2878 Stagna
640 2813 827 2867 refusa
851 2814 1020 2884 vadiS,
1050 2816 1294 2882 graviter
1321 2821 1662 2884 commotus3
1706 2823 1761 2870 et
1785 2816 1899 2871 alto

410 2897 776 2966 ProspicienS,
805 2916 1016 2954 summa
1042 2902 1318 2969 placidum
1346 2908 1512 2970 caput
1538 2904 1738 2957 extulit
1760 2902 1925 2955 unda.

409 2985 706 3038 Disiectam
733 2986 952 3040 Aeneae
976 2993 1099 3041 toto
1124 2988 1276 3041 videt
1302 3005 1537 3056 aequore
1562 2990 1805 3057 classem,

409 3072 694 3125 Fluctibus
721 3089 1008 3140 oppressos
1036 3073 1206 3128 Troas
1231 3075 1471 3143 caelique
1493 3077 1670 3145 ruina,

409 3158 530 3213 Nec
554 3159 765 3212 latuere
789 3159 904 3213 doti
928 3159 1160 3213 fratrem
1189 3160 1417 3214 Iunonis
1444 3168 1499 3215 et
1523 3163 1656 3217 irae.

408 3244 617 3298 Eurum
644 3245 711 3299 ad
738 3262 795 3298 se
819 3245 1240 3314 Zephyrumque
1265 3254 1443 3315 vocat,
1472 3248 1673 3303 dehinc
1696 3249 1829 3303 talia
1852 3249 2034 3304 fatur:

412 3335 447 3362 ‘⁶
464 3333 719 3387 Tantane.
733 3348 832 3385 vos
858 3333 1073 3400 generis
1098 3333 1278 3386 tenuit
1304 3333 1503 3388 fiducia
1527 3336 1737 3389 vestri?

408 3417 525 3473 Iam
553 3417 763 3473 caelum
788 3422 1103 3487 terramque
1127 3436 1253 3473 meo
1279 3421 1397 3473 sine
1421 3422 1660 3490 numine,
1689 3420 1880 3490 Venti,

409 3504 656 3571 Miscere,
684 3510 740 3560 et
764 3511 946 3560 tantas
971 3505 1183 3559 audetis
1205 3506 1403 3560 tollere
1427 3507 1634 3561 moles?

2346 576 2450 629 100

2346 1008 2444 1059 105

2345 1439 2444 1490 110

2342 1869 2442 1922 115

2342 2300 2444 2352 120

2343 2731 2443 2783 125

2231 3187 2237 3196 ·
2343 3164 2450 3234 130*
