<?xml version="1.0" encoding="UTF-8"?>
<!DOCTYPE html PUBLIC "-//W3C//DTD XHTML 1.0 Transitional//EN"
    "http://www.w3.org/TR/xhtml1/DTD/xhtml1-transitional.dtd">
<html xmlns="http://www.w3.org/1999/xhtml" xml:lang="en" lang="en">
 <head>
  <title>
</title>
<meta http-equiv="Content-Type" content="text/html;charset=utf-8" />
  <meta name='ocr-system' content='tesseract 3.04.00' />
  <meta name='ocr-capabilities' content='ocr_page ocr_carea ocr_par ocr_line ocrx_word'/>
</head>
<body>
  <div class='ocr_page' id='page_1' title='image "./bucolicsandfirs00friegoog_0218.png"; bbox 0 0 2725 3917; ppageno 0'>
   <div class='ocr_carea' id='block_1_1' title="bbox 24 276 27 818">
    <p class='ocr_par' dir='ltr' id='par_1_1' title="bbox 24 276 27 818">
     <span class='ocr_line' id='line_1_1' title="bbox 24 276 27 818; baseline 0 0"><span class='ocrx_word' id='word_1_1' title='bbox 24 276 27 818; x_wconf 95' lang='lat' dir='ltr'><strong> </strong></span> 
     </span>
    </p>
   </div>
   <div class='ocr_carea' id='block_1_2' title="bbox 991 256 1805 308">
    <p class='ocr_par' dir='ltr' id='par_1_2' title="bbox 991 256 1805 308">
     <span class='ocr_line' id='line_1_2' title="bbox 991 256 1805 308; baseline 0.002 -3"><span class='ocrx_word' id='word_1_2' title='bbox 991 256 1268 307; x_wconf 82' lang='lat' dir='ltr'>VERGILI</span> <span class='ocrx_word' id='word_1_3' title='bbox 1314 256 1644 306; x_wconf 80' lang='lat' dir='ltr'><strong>AENEIDOS</strong></span> <span class='ocrx_word' id='word_1_4' title='bbox 1688 256 1805 308; x_wconf 86' lang='lat' dir='ltr'>VII.</span> 
     </span>
    </p>
   </div>
   <div class='ocr_carea' id='block_1_3' title="bbox 321 416 1952 3615">
    <p class='ocr_par' dir='ltr' id='par_1_3' title="bbox 379 416 1942 660">
     <span class='ocr_line' id='line_1_3' title="bbox 383 416 1942 489; baseline 0.002 -19"><span class='ocrx_word' id='word_1_5' title='bbox 383 416 560 483; x_wconf 86' lang='lat' dir='ltr'><strong>Quam</strong></span> <span class='ocrx_word' id='word_1_6' title='bbox 585 420 745 484; x_wconf 90' lang='lat' dir='ltr'><strong>pater</strong></span> <span class='ocrx_word' id='word_1_7' title='bbox 769 416 1065 486; x_wconf 86' lang='lat' dir='ltr'><strong>inventam,</strong></span> <span class='ocrx_word' id='word_1_8' title='bbox 1093 418 1299 486; x_wconf 87' lang='lat' dir='ltr'><strong>primas</strong></span> <span class='ocrx_word' id='word_1_9' title='bbox 1326 434 1452 471; x_wconf 90' lang='lat' dir='ltr'><strong>cum</strong></span> <span class='ocrx_word' id='word_1_10' title='bbox 1478 418 1745 472; x_wconf 90' lang='lat' dir='ltr'><strong>conderet</strong></span> <span class='ocrx_word' id='word_1_11' title='bbox 1771 434 1942 489; x_wconf 89' lang='lat' dir='ltr'><strong>arces,</strong></span> 
     </span>
     <span class='ocr_line' id='line_1_4' title="bbox 380 503 1599 574; baseline 0.001 -17"><span class='ocrx_word' id='word_1_12' title='bbox 380 504 505 573; x_wconf 91' lang='lat' dir='ltr'><strong>Ipse</strong></span> <span class='ocrx_word' id='word_1_13' title='bbox 528 503 808 557; x_wconf 88' lang='lat' dir='ltr'><strong>ferebatur</strong></span> <span class='ocrx_word' id='word_1_14' title='bbox 831 503 1063 557; x_wconf 88' lang='lat' dir='ltr'>Phoebo</span> <span class='ocrx_word' id='word_1_15' title='bbox 1090 520 1329 558; x_wconf 79' lang='lat' dir='ltr'><strong>sacrasse</strong></span> <span class='ocrx_word' id='word_1_16' title='bbox 1354 505 1599 574; x_wconf 87' lang='lat' dir='ltr'><strong>Latinus,</strong></span> 
     </span>
     <span class='ocr_line' id='line_1_5' title="bbox 379 591 1710 660; baseline 0.003 -16"><span class='ocrx_word' id='word_1_17' title='bbox 379 591 773 660; x_wconf 86' lang='lat' dir='ltr'><strong>Laurentisque</strong></span> <span class='ocrx_word' id='word_1_18' title='bbox 798 592 868 646; x_wconf 89' lang='lat' dir='ltr'><strong>ab</strong></span> <span class='ocrx_word' id='word_1_19' title='bbox 895 608 962 645; x_wconf 89' lang='lat' dir='ltr'><strong>ea</strong></span> <span class='ocrx_word' id='word_1_20' title='bbox 982 608 1187 645; x_wconf 90' lang='lat' dir='ltr'><strong>nomen</strong></span> <span class='ocrx_word' id='word_1_21' title='bbox 1212 592 1457 660; x_wconf 80' lang='lat' dir='ltr'><strong>posuisse</strong></span> <span class='ocrx_word' id='word_1_22' title='bbox 1485 592 1710 648; x_wconf 90' lang='lat' dir='ltr'><strong>colonis.</strong></span> 
     </span>
    </p>

    <p class='ocr_par' dir='ltr' id='par_1_4' title="bbox 378 678 1952 1357">
     <span class='ocr_line' id='line_1_6' title="bbox 380 678 1818 747; baseline 0 -16"><span class='ocrx_word' id='word_1_23' title='bbox 380 679 557 732; x_wconf 89' lang='lat' dir='ltr'><strong>Huius</strong></span> <span class='ocrx_word' id='word_1_24' title='bbox 576 695 707 747; x_wconf 90' lang='lat' dir='ltr'><strong>apes</strong></span> <span class='ocrx_word' id='word_1_25' title='bbox 733 695 1006 731; x_wconf 89' lang='lat' dir='ltr'><strong>summum</strong></span> <span class='ocrx_word' id='word_1_26' title='bbox 1035 678 1566 732; x_wconf 83' lang='lat' dir='ltr'><strong>densae—mirabile</strong></span> <span class='ocrx_word' id='word_1_27' title='bbox 1593 679 1818 733; x_wconf 88' lang='lat' dir='ltr'><strong>dictu—-</strong></span> 
     </span>
     <span class='ocr_line' id='line_1_7' title="bbox 380 765 1823 835; baseline 0.001 -16"><span class='ocrx_word' id='word_1_28' title='bbox 380 766 627 820; x_wconf 83' lang='lat' dir='ltr'>Stridore</span> <span class='ocrx_word' id='word_1_29' title='bbox 652 766 865 834; x_wconf 84' lang='lat' dir='ltr'><strong>ingenti</strong></span> <span class='ocrx_word' id='word_1_30' title='bbox 889 765 1158 835; x_wconf 89' lang='lat' dir='ltr'><strong>liquidum</strong></span> <span class='ocrx_word' id='word_1_31' title='bbox 1187 771 1340 820; x_wconf 88' lang='lat' dir='ltr'><strong>trans</strong></span> <span class='ocrx_word' id='word_1_32' title='bbox 1367 766 1593 820; x_wconf 77' lang='lat' dir='ltr'><strong>aethera</strong></span> <span class='ocrx_word' id='word_1_33' title='bbox 1618 771 1823 835; x_wconf 85' lang='lat' dir='ltr'><strong>vectae,</strong></span> 
     </span>
     <span class='ocr_line' id='line_1_8' title="bbox 381 852 1814 924; baseline 0 -18"><span class='ocrx_word' id='word_1_34' title='bbox 381 853 656 907; x_wconf 87' lang='lat' dir='ltr'><strong>Obsedere</strong></span> <span class='ocrx_word' id='word_1_35' title='bbox 682 854 911 923; x_wconf 81' lang='lat' dir='ltr'><strong>apicem,</strong></span> <span class='ocrx_word' id='word_1_36' title='bbox 940 858 1010 922; x_wconf 91' lang='lat' dir='ltr'><strong>et,</strong></span> <span class='ocrx_word' id='word_1_37' title='bbox 1041 852 1273 921; x_wconf 88' lang='lat' dir='ltr'><strong>pedibus</strong></span> <span class='ocrx_word' id='word_1_38' title='bbox 1297 870 1399 922; x_wconf 90' lang='lat' dir='ltr'><strong>per</strong></span> <span class='ocrx_word' id='word_1_39' title='bbox 1423 858 1617 907; x_wconf 87' lang='lat' dir='ltr'><strong>mutua</strong></span> <span class='ocrx_word' id='word_1_40' title='bbox 1641 854 1814 924; x_wconf 87' lang='lat' dir='ltr'><strong>nexis,</strong></span> 
     </span>
     <span class='ocr_line' id='line_1_9' title="bbox 378 938 1709 1008; baseline 0.002 -16"><span class='ocrx_word' id='word_1_41' title='bbox 378 938 627 995; x_wconf 82' lang='lat' dir='ltr'><strong>Examen</strong></span> <span class='ocrx_word' id='word_1_42' title='bbox 652 940 893 994; x_wconf 89' lang='lat' dir='ltr'><strong>subitum</strong></span> <span class='ocrx_word' id='word_1_43' title='bbox 916 956 1072 994; x_wconf 90' lang='lat' dir='ltr'><strong>ramo</strong></span> <span class='ocrx_word' id='word_1_44' title='bbox 1099 939 1399 994; x_wconf 75' lang='lat' dir='ltr'><strong>frondente</strong></span> <span class='ocrx_word' id='word_1_45' title='bbox 1432 940 1709 1008; x_wconf 79' lang='lat' dir='ltr'><strong>pependit.</strong></span> 
     </span>
     <span class='ocr_line' id='line_1_10' title="bbox 380 1027 1813 1096; baseline 0.001 -15"><span class='ocrx_word' id='word_1_46' title='bbox 380 1027 660 1082; x_wconf 80' lang='lat' dir='ltr'><strong>Continuo</strong></span> <span class='ocrx_word' id='word_1_47' title='bbox 685 1032 855 1096; x_wconf 77' lang='lat' dir='ltr'><strong>vateS,</strong></span> <span class='ocrx_word' id='word_1_48' title='bbox 889 1027 1246 1080; x_wconf 82' lang='lat' dir='ltr'><strong>“Externum</strong></span> <span class='ocrx_word' id='word_1_49' title='bbox 1275 1028 1552 1080; x_wconf 89' lang='lat' dir='ltr'><strong>cernimus</strong></span> <span class='ocrx_word' id='word_1_50' title='bbox 1574 1027 1606 1055; x_wconf 91' lang='lat'><strong>”</strong></span> <span class='ocrx_word' id='word_1_51' title='bbox 1631 1028 1813 1096; x_wconf 89' lang='lat' dir='ltr'><strong>inquit</strong></span> 
     </span>
     <span class='ocr_line' id='line_1_11' title="bbox 382 1115 1952 1183; baseline 0.001 -15"><span class='ocrx_word' id='word_1_52' title='bbox 382 1116 753 1169; x_wconf 84' lang='lat' dir='ltr'><strong>“Adventare</strong></span> <span class='ocrx_word' id='word_1_53' title='bbox 777 1116 974 1183; x_wconf 85' lang='lat' dir='ltr'><strong>virum,</strong></span> <span class='ocrx_word' id='word_1_54' title='bbox 1008 1119 1064 1169; x_wconf 93' lang='lat' dir='ltr'><strong>et</strong></span> <span class='ocrx_word' id='word_1_55' title='bbox 1090 1115 1263 1183; x_wconf 84' lang='lat' dir='ltr'><strong>partis</strong></span> <span class='ocrx_word' id='word_1_56' title='bbox 1292 1118 1482 1182; x_wconf 88' lang='lat' dir='ltr'><strong>petere</strong></span> <span class='ocrx_word' id='word_1_57' title='bbox 1509 1130 1705 1182; x_wconf 86' lang='lat' dir='ltr'><strong>agmen</strong></span> <span class='ocrx_word' id='word_1_58' title='bbox 1732 1115 1952 1169; x_wconf 88' lang='lat' dir='ltr'><strong>easdem</strong></span> 
     </span>
     <span class='ocr_line' id='line_1_12' title="bbox 381 1201 1836 1270; baseline 0.001 -16"><span class='ocrx_word' id='word_1_59' title='bbox 381 1201 637 1256; x_wconf 89' lang='lat' dir='ltr'><strong>Partibus</strong></span> <span class='ocrx_word' id='word_1_60' title='bbox 662 1219 730 1255; x_wconf 83' lang='lat' dir='ltr'><strong>ex</strong></span> <span class='ocrx_word' id='word_1_61' title='bbox 755 1202 946 1270; x_wconf 89' lang='lat' dir='ltr'><strong>isdem,</strong></span> <span class='ocrx_word' id='word_1_62' title='bbox 975 1206 1031 1255; x_wconf 90' lang='lat' dir='ltr'><strong>et</strong></span> <span class='ocrx_word' id='word_1_63' title='bbox 1055 1218 1267 1254; x_wconf 88' lang='lat' dir='ltr'><strong>summa</strong></span> <span class='ocrx_word' id='word_1_64' title='bbox 1295 1201 1630 1255; x_wconf 85' lang='lat' dir='ltr'><strong>dominarier</strong></span> <span class='ocrx_word' id='word_1_65' title='bbox 1657 1202 1836 1255; x_wconf 90' lang='lat' dir='ltr'><strong>arce.&#39;’</strong></span> 
     </span>
     <span class='ocr_line' id='line_1_13' title="bbox 378 1288 1693 1357; baseline -0.001 -16"><span class='ocrx_word' id='word_1_66' title='bbox 378 1288 686 1357; x_wconf 89' lang='lat' dir='ltr'><strong>Praeterea,</strong></span> <span class='ocrx_word' id='word_1_67' title='bbox 717 1289 882 1342; x_wconf 90' lang='lat' dir='ltr'><strong>castis</strong></span> <span class='ocrx_word' id='word_1_68' title='bbox 907 1288 1090 1342; x_wconf 90' lang='lat' dir='ltr'><strong>adolet</strong></span> <span class='ocrx_word' id='word_1_69' title='bbox 1115 1288 1247 1341; x_wconf 91' lang='lat' dir='ltr'><strong>dum</strong></span> <span class='ocrx_word' id='word_1_70' title='bbox 1278 1288 1472 1343; x_wconf 88' lang='lat' dir='ltr'><strong>altaria</strong></span> <span class='ocrx_word' id='word_1_71' title='bbox 1499 1288 1693 1357; x_wconf 86' lang='lat' dir='ltr'><strong>taedis,</strong></span> 
     </span>
    </p>

    <p class='ocr_par' dir='ltr' id='par_1_5' title="bbox 377 1374 1595 1445">
     <span class='ocr_line' id='line_1_14' title="bbox 377 1374 1595 1445; baseline 0.002 -17"><span class='ocrx_word' id='word_1_72' title='bbox 377 1374 455 1428; x_wconf 86' lang='lat' dir='ltr'><strong>Ut</strong></span> <span class='ocrx_word' id='word_1_73' title='bbox 478 1376 636 1429; x_wconf 83' lang='lat' dir='ltr'><strong>iuxta</strong></span> <span class='ocrx_word' id='word_1_74' title='bbox 660 1376 970 1444; x_wconf 87' lang='lat' dir='ltr'><strong>genitorem</strong></span> <span class='ocrx_word' id='word_1_75' title='bbox 995 1379 1138 1430; x_wconf 82' lang='lat' dir='ltr'><strong>astat</strong></span> <span class='ocrx_word' id='word_1_76' title='bbox 1163 1376 1393 1431; x_wconf 88' lang='lat' dir='ltr'><strong>Lavinia</strong></span> <span class='ocrx_word' id='word_1_77' title='bbox 1422 1378 1595 1445; x_wconf 86' lang='lat' dir='ltr'><strong>virg0,</strong></span> 
     </span>
    </p>

    <p class='ocr_par' dir='ltr' id='par_1_6' title="bbox 377 1461 1947 1790">
     <span class='ocr_line' id='line_1_15' title="bbox 379 1461 1858 1534; baseline 0.001 -18"><span class='ocrx_word' id='word_1_78' title='bbox 379 1461 530 1533; x_wconf 90' lang='lat' dir='ltr'><strong>Visa,</strong></span> <span class='ocrx_word' id='word_1_79' title='bbox 559 1463 730 1532; x_wconf 83' lang='lat' dir='ltr'><strong>nefas,</strong></span> <span class='ocrx_word' id='word_1_80' title='bbox 759 1462 938 1531; x_wconf 90' lang='lat' dir='ltr'><strong>longis</strong></span> <span class='ocrx_word' id='word_1_81' title='bbox 965 1464 1359 1532; x_wconf 80' lang='lat' dir='ltr'><strong>comprendere</strong></span> <span class='ocrx_word' id='word_1_82' title='bbox 1389 1465 1630 1518; x_wconf 88' lang='lat' dir='ltr'><strong>crinibus</strong></span> <span class='ocrx_word' id='word_1_83' title='bbox 1657 1467 1858 1534; x_wconf 85' lang='lat' dir='ltr'><strong>ignem,</strong></span> 
     </span>
     <span class='ocr_line' id='line_1_16' title="bbox 379 1550 1947 1620; baseline 0.001 -17"><span class='ocrx_word' id='word_1_84' title='bbox 379 1550 563 1619; x_wconf 91' lang='lat' dir='ltr'><strong>Atque</strong></span> <span class='ocrx_word' id='word_1_85' title='bbox 590 1567 811 1604; x_wconf 90' lang='lat' dir='ltr'><strong>omnem</strong></span> <span class='ocrx_word' id='word_1_86' title='bbox 837 1556 1091 1604; x_wconf 89' lang='lat' dir='ltr'><strong>ornatum</strong></span> <span class='ocrx_word' id='word_1_87' title='bbox 1116 1551 1336 1604; x_wconf 91' lang='lat' dir='ltr'><strong>flamma</strong></span> <span class='ocrx_word' id='word_1_88' title='bbox 1365 1552 1671 1619; x_wconf 87' lang='lat' dir='ltr'><strong>crepitante</strong></span> <span class='ocrx_word' id='word_1_89' title='bbox 1698 1553 1947 1620; x_wconf 87' lang='lat' dir='ltr'><strong>cremari,</strong></span> 
     </span>
     <span class='ocr_line' id='line_1_17' title="bbox 379 1634 1738 1705; baseline 0.001 -19"><span class='ocrx_word' id='word_1_90' title='bbox 379 1634 702 1704; x_wconf 80' lang='lat' dir='ltr'><strong>Regalisque</strong></span> <span class='ocrx_word' id='word_1_91' title='bbox 728 1651 957 1689; x_wconf 89' lang='lat' dir='ltr'><strong>accensa</strong></span> <span class='ocrx_word' id='word_1_92' title='bbox 981 1652 1178 1704; x_wconf 75' lang='lat' dir='ltr'><strong>comae,</strong></span> <span class='ocrx_word' id='word_1_93' title='bbox 1210 1652 1437 1690; x_wconf 88' lang='lat' dir='ltr'><strong>accensa</strong></span> <span class='ocrx_word' id='word_1_94' title='bbox 1462 1652 1738 1705; x_wconf 90' lang='lat' dir='ltr'><strong>coronam,</strong></span> 
     </span>
     <span class='ocr_line' id='line_1_18' title="bbox 377 1720 1742 1790; baseline 0.002 -17"><span class='ocrx_word' id='word_1_95' title='bbox 377 1720 652 1789; x_wconf 85' lang='lat' dir='ltr'><strong>Insignem</strong></span> <span class='ocrx_word' id='word_1_96' title='bbox 677 1723 933 1790; x_wconf 85' lang='lat' dir='ltr'><strong>gemmis3</strong></span> <span class='ocrx_word' id='word_1_97' title='bbox 977 1727 1097 1776; x_wconf 92' lang='lat' dir='ltr'><strong>tum</strong></span> <span class='ocrx_word' id='word_1_98' title='bbox 1120 1723 1331 1776; x_wconf 89' lang='lat' dir='ltr'><strong>fumida</strong></span> <span class='ocrx_word' id='word_1_99' title='bbox 1354 1723 1562 1776; x_wconf 89' lang='lat' dir='ltr'><strong>lumine</strong></span> <span class='ocrx_word' id='word_1_100' title='bbox 1587 1723 1742 1777; x_wconf 84' lang='lat' dir='ltr'><strong>fulvo</strong></span> 
     </span>
    </p>

    <p class='ocr_par' dir='ltr' id='par_1_7' title="bbox 321 1807 1685 1888">
     <span class='ocr_line' id='line_1_19' title="bbox 321 1807 1685 1888; baseline 0.003 -27"><span class='ocrx_word' id='word_1_101' title='bbox 321 1866 336 1873; x_wconf 62' lang='grc'><em>,</em></span> <span class='ocrx_word' id='word_1_102' title='bbox 376 1807 608 1874; x_wconf 82' lang='lat' dir='ltr'><strong>Involvi‚</strong></span> <span class='ocrx_word' id='word_1_103' title='bbox 639 1827 702 1863; x_wconf 90' lang='lat' dir='ltr'><strong>ac</strong></span> <span class='ocrx_word' id='word_1_104' title='bbox 727 1811 863 1864; x_wconf 88' lang='lat' dir='ltr'><strong>totis</strong></span> <span class='ocrx_word' id='word_1_105' title='bbox 888 1809 1199 1888; x_wconf 63' lang='lat' dir='ltr'><strong>Volcanum</strong></span> <span class='ocrx_word' id='word_1_106' title='bbox 1228 1827 1484 1879; x_wconf 89' lang='lat' dir='ltr'><strong>spargere</strong></span> <span class='ocrx_word' id='word_1_107' title='bbox 1509 1812 1685 1865; x_wconf 84' lang='lat' dir='ltr'><strong>tectis.</strong></span> 
     </span>
    </p>

    <p class='ocr_par' dir='ltr' id='par_1_8' title="bbox 375 1895 1824 2226">
     <span class='ocr_line' id='line_1_20' title="bbox 377 1895 1664 1952; baseline 0.002 -4"><span class='ocrx_word' id='word_1_108' title='bbox 377 1895 441 1948; x_wconf 91' lang='lat' dir='ltr'><strong>Id</strong></span> <span class='ocrx_word' id='word_1_109' title='bbox 465 1913 598 1949; x_wconf 83' lang='lat' dir='ltr'><strong>vero</strong></span> <span class='ocrx_word' id='word_1_110' title='bbox 622 1897 962 1951; x_wconf 88' lang='lat' dir='ltr'><strong>horrendum</strong></span> <span class='ocrx_word' id='word_1_111' title='bbox 988 1914 1052 1951; x_wconf 89' lang='lat' dir='ltr'><strong>ac</strong></span> <span class='ocrx_word' id='word_1_112' title='bbox 1078 1898 1199 1951; x_wconf 87' lang='lat' dir='ltr'><strong>visu</strong></span> <span class='ocrx_word' id='word_1_113' title='bbox 1223 1898 1475 1952; x_wconf 87' lang='lat' dir='ltr'><strong>mirabile</strong></span> <span class='ocrx_word' id='word_1_114' title='bbox 1500 1899 1664 1951; x_wconf 85' lang='lat' dir='ltr'><strong>ferri:</strong></span> 
     </span>
     <span class='ocr_line' id='line_1_21' title="bbox 377 1981 1824 2053; baseline 0.002 -18"><span class='ocrx_word' id='word_1_115' title='bbox 377 1981 628 2053; x_wconf 86' lang='lat' dir='ltr'><strong>Namque</strong></span> <span class='ocrx_word' id='word_1_116' title='bbox 652 1984 774 2038; x_wconf 84' lang='lat' dir='ltr'><strong>fore</strong></span> <span class='ocrx_word' id='word_1_117' title='bbox 799 1985 1088 2038; x_wconf 86' lang='lat' dir='ltr'><strong>inlustrem</strong></span> <span class='ocrx_word' id='word_1_118' title='bbox 1115 1985 1263 2038; x_wconf 86' lang='lat' dir='ltr'><strong>fama</strong></span> <span class='ocrx_word' id='word_1_119' title='bbox 1286 1985 1524 2053; x_wconf 79' lang='lat' dir='ltr'><strong>fatisque</strong></span> <span class='ocrx_word' id='word_1_120' title='bbox 1553 1986 1824 2039; x_wconf 87' lang='lat' dir='ltr'><strong>canebant</strong></span> 
     </span>
     <span class='ocr_line' id='line_1_22' title="bbox 376 2068 1818 2139; baseline 0.001 -17"><span class='ocrx_word' id='word_1_121' title='bbox 376 2068 573 2138; x_wconf 88' lang='lat' dir='ltr'><strong>Ipsam,</strong></span> <span class='ocrx_word' id='word_1_122' title='bbox 603 2070 698 2122; x_wconf 90' lang='lat' dir='ltr'><strong>sed</strong></span> <span class='ocrx_word' id='word_1_123' title='bbox 721 2071 925 2139; x_wconf 87' lang='lat' dir='ltr'><strong>populo</strong></span> <span class='ocrx_word' id='word_1_124' title='bbox 950 2088 1210 2139; x_wconf 87' lang='lat' dir='ltr'><strong>magnum</strong></span> <span class='ocrx_word' id='word_1_125' title='bbox 1237 2071 1570 2139; x_wconf 90' lang='lat' dir='ltr'><strong>portendere</strong></span> <span class='ocrx_word' id='word_1_126' title='bbox 1596 2072 1818 2125; x_wconf 87' lang='lat' dir='ltr'><strong>bellum.</strong></span> 
     </span>
     <span class='ocr_line' id='line_1_23' title="bbox 375 2156 1642 2226; baseline 0 -17"><span class='ocrx_word' id='word_1_127' title='bbox 375 2156 457 2209; x_wconf 92' lang='lat' dir='ltr'><strong>At</strong></span> <span class='ocrx_word' id='word_1_128' title='bbox 480 2172 579 2210; x_wconf 85' lang='lat' dir='ltr'><strong>rex</strong></span> <span class='ocrx_word' id='word_1_129' title='bbox 604 2156 872 2210; x_wconf 89' lang='lat' dir='ltr'><strong>sollicitus</strong></span> <span class='ocrx_word' id='word_1_130' title='bbox 897 2158 1172 2225; x_wconf 89' lang='lat' dir='ltr'><strong>monstris,</strong></span> <span class='ocrx_word' id='word_1_131' title='bbox 1205 2158 1426 2212; x_wconf 88' lang='lat' dir='ltr'><strong>oracula</strong></span> <span class='ocrx_word' id='word_1_132' title='bbox 1451 2158 1642 2226; x_wconf 87' lang='lat' dir='ltr'><strong>Fauni,</strong></span> 
     </span>
    </p>

    <p class='ocr_par' dir='ltr' id='par_1_9' title="bbox 374 2242 1637 2312">
     <span class='ocr_line' id='line_1_24' title="bbox 374 2242 1637 2312; baseline 0.002 -15"><span class='ocrx_word' id='word_1_133' title='bbox 374 2242 609 2297; x_wconf 86' lang='lat' dir='ltr'><strong>Fatidici</strong></span> <span class='ocrx_word' id='word_1_134' title='bbox 635 2242 918 2311; x_wconf 85' lang='lat' dir='ltr'><strong>genitoris,</strong></span> <span class='ocrx_word' id='word_1_135' title='bbox 949 2243 1079 2310; x_wconf 78' lang='lat' dir='ltr'><strong>adit,</strong></span> <span class='ocrx_word' id='word_1_136' title='bbox 1108 2242 1368 2312; x_wconf 89' lang='lat' dir='ltr'><strong>lucosque</strong></span> <span class='ocrx_word' id='word_1_137' title='bbox 1398 2244 1498 2298; x_wconf 88' lang='lat' dir='ltr'><strong>sub</strong></span> <span class='ocrx_word' id='word_1_138' title='bbox 1529 2245 1637 2299; x_wconf 89' lang='lat' dir='ltr'><strong>alta</strong></span> 
     </span>
    </p>

    <p class='ocr_par' dir='ltr' id='par_1_10' title="bbox 374 2327 1892 2574">
     <span class='ocr_line' id='line_1_25' title="bbox 376 2327 1857 2399; baseline 0.003 -15"><span class='ocrx_word' id='word_1_139' title='bbox 376 2327 630 2384; x_wconf 79' lang='lat' dir='ltr'><strong>Consulit</strong></span> <span class='ocrx_word' id='word_1_140' title='bbox 652 2329 925 2399; x_wconf 78' lang='lat' dir='ltr'><strong>Albunea,</strong></span> <span class='ocrx_word' id='word_1_141' title='bbox 953 2346 1242 2384; x_wconf 87' lang='lat' dir='ltr'><strong>nemorum</strong></span> <span class='ocrx_word' id='word_1_142' title='bbox 1271 2348 1409 2399; x_wconf 92' lang='lat' dir='ltr'><strong>quae</strong></span> <span class='ocrx_word' id='word_1_143' title='bbox 1434 2333 1676 2387; x_wconf 87' lang='lat' dir='ltr'><strong>maxima</strong></span> <span class='ocrx_word' id='word_1_144' title='bbox 1701 2350 1857 2388; x_wconf 88' lang='lat' dir='ltr'><strong>sacro</strong></span> 
     </span>
     <span class='ocr_line' id='line_1_26' title="bbox 374 2417 1892 2490; baseline 0.002 -19"><span class='ocrx_word' id='word_1_145' title='bbox 374 2417 551 2471; x_wconf 88' lang='lat' dir='ltr'><strong>Fonte</strong></span> <span class='ocrx_word' id='word_1_146' title='bbox 578 2421 753 2487; x_wconf 85' lang='lat' dir='ltr'><strong>sonat,</strong></span> <span class='ocrx_word' id='word_1_147' title='bbox 783 2432 1110 2486; x_wconf 86' lang='lat' dir='ltr'><strong>saevamque</strong></span> <span class='ocrx_word' id='word_1_148' title='bbox 1140 2418 1361 2472; x_wconf 87' lang='lat' dir='ltr'><strong>exhalat</strong></span> <span class='ocrx_word' id='word_1_149' title='bbox 1388 2436 1559 2488; x_wconf 88' lang='lat' dir='ltr'><strong>opaca</strong></span> <span class='ocrx_word' id='word_1_150' title='bbox 1586 2421 1892 2490; x_wconf 87' lang='lat' dir='ltr'><strong>mephitim.</strong></span> 
     </span>
     <span class='ocr_line' id='line_1_27' title="bbox 375 2504 1727 2574; baseline 0.004 -18"><span class='ocrx_word' id='word_1_151' title='bbox 375 2504 520 2558; x_wconf 87' lang='lat' dir='ltr'><strong>Hinc</strong></span> <span class='ocrx_word' id='word_1_152' title='bbox 545 2504 717 2558; x_wconf 89' lang='lat' dir='ltr'><strong>Italae</strong></span> <span class='ocrx_word' id='word_1_153' title='bbox 741 2508 934 2572; x_wconf 82' lang='lat' dir='ltr'><strong>gentes</strong></span> <span class='ocrx_word' id='word_1_154' title='bbox 960 2504 1242 2574; x_wconf 89' lang='lat' dir='ltr'><strong>omnisque</strong></span> <span class='ocrx_word' id='word_1_155' title='bbox 1269 2505 1539 2562; x_wconf 86' lang='lat' dir='ltr'><strong>Oenotria</strong></span> <span class='ocrx_word' id='word_1_156' title='bbox 1563 2508 1727 2561; x_wconf 87' lang='lat' dir='ltr'><strong>tellus</strong></span> 
     </span>
    </p>

    <p class='ocr_par' dir='ltr' id='par_1_11' title="bbox 372 2591 1797 2838">
     <span class='ocr_line' id='line_1_28' title="bbox 372 2591 1787 2660; baseline 0.003 -16"><span class='ocrx_word' id='word_1_157' title='bbox 372 2591 439 2644; x_wconf 93' lang='lat' dir='ltr'><strong>In</strong></span> <span class='ocrx_word' id='word_1_158' title='bbox 465 2591 644 2644; x_wconf 90' lang='lat' dir='ltr'><strong>dubiis</strong></span> <span class='ocrx_word' id='word_1_159' title='bbox 671 2607 934 2659; x_wconf 87' lang='lat' dir='ltr'><strong>responsa</strong></span> <span class='ocrx_word' id='word_1_160' title='bbox 956 2595 1187 2660; x_wconf 72' lang='lat' dir='ltr'><strong>petuntt,</strong></span> <span class='ocrx_word' id='word_1_161' title='bbox 1228 2592 1337 2647; x_wconf 87' lang='lat' dir='ltr'><strong>huc</strong></span> <span class='ocrx_word' id='word_1_162' title='bbox 1362 2594 1509 2648; x_wconf 89' lang='lat' dir='ltr'><strong>dona</strong></span> <span class='ocrx_word' id='word_1_163' title='bbox 1534 2594 1787 2648; x_wconf 85' lang='lat' dir='ltr'><strong>sacerdos</strong></span> 
     </span>
     <span class='ocr_line' id='line_1_29' title="bbox 374 2678 1797 2736; baseline 0.001 -4"><span class='ocrx_word' id='word_1_164' title='bbox 374 2678 515 2732; x_wconf 85' lang='lat' dir='ltr'><strong>Oum</strong></span> <span class='ocrx_word' id='word_1_165' title='bbox 538 2678 669 2731; x_wconf 90' lang='lat' dir='ltr'><strong>tulit</strong></span> <span class='ocrx_word' id='word_1_166' title='bbox 693 2684 749 2732; x_wconf 90' lang='lat' dir='ltr'><strong>et</strong></span> <span class='ocrx_word' id='word_1_167' title='bbox 772 2695 1053 2733; x_wconf 89' lang='lat' dir='ltr'><strong>caesarum</strong></span> <span class='ocrx_word' id='word_1_168' title='bbox 1080 2681 1264 2733; x_wconf 90' lang='lat' dir='ltr'><strong>ovium</strong></span> <span class='ocrx_word' id='word_1_169' title='bbox 1295 2683 1396 2735; x_wconf 90' lang='lat' dir='ltr'><strong>sub</strong></span> <span class='ocrx_word' id='word_1_170' title='bbox 1422 2687 1586 2736; x_wconf 90' lang='lat' dir='ltr'><strong>nocte</strong></span> <span class='ocrx_word' id='word_1_171' title='bbox 1612 2682 1797 2736; x_wconf 88' lang='lat' dir='ltr'><strong>silenti</strong></span> 
     </span>
     <span class='ocr_line' id='line_1_30' title="bbox 372 2764 1695 2838; baseline 0.003 -20"><span class='ocrx_word' id='word_1_172' title='bbox 372 2764 616 2819; x_wconf 87' lang='lat' dir='ltr'><strong>Pellibus</strong></span> <span class='ocrx_word' id='word_1_173' title='bbox 639 2765 893 2820; x_wconf 86' lang='lat' dir='ltr'><strong>incubuit</strong></span> <span class='ocrx_word' id='word_1_174' title='bbox 918 2768 1106 2821; x_wconf 90' lang='lat' dir='ltr'><strong>stratis</strong></span> <span class='ocrx_word' id='word_1_175' title='bbox 1132 2785 1459 2837; x_wconf 88' lang='lat' dir='ltr'><strong>somnosque</strong></span> <span class='ocrx_word' id='word_1_176' title='bbox 1485 2771 1695 2838; x_wconf 86' lang='lat' dir='ltr'><strong>petivit,</strong></span> 
     </span>
    </p>

    <p class='ocr_par' dir='ltr' id='par_1_12' title="bbox 371 2851 1756 2924">
     <span class='ocr_line' id='line_1_31' title="bbox 371 2851 1756 2924; baseline 0.004 -19"><span class='ocrx_word' id='word_1_177' title='bbox 371 2851 549 2905; x_wconf 86' lang='lat' dir='ltr'><strong>Multa</strong></span> <span class='ocrx_word' id='word_1_178' title='bbox 574 2851 753 2905; x_wconf 90' lang='lat' dir='ltr'><strong>modis</strong></span> <span class='ocrx_word' id='word_1_179' title='bbox 778 2852 1070 2908; x_wconf 90' lang='lat' dir='ltr'><strong>simulacra</strong></span> <span class='ocrx_word' id='word_1_180' title='bbox 1095 2854 1249 2908; x_wconf 83' lang='lat' dir='ltr'><strong>videt</strong></span> <span class='ocrx_word' id='word_1_181' title='bbox 1275 2856 1566 2910; x_wconf 86' lang='lat' dir='ltr'><strong>volitantia</strong></span> <span class='ocrx_word' id='word_1_182' title='bbox 1588 2857 1756 2924; x_wconf 86' lang='lat' dir='ltr'><strong>miris,</strong></span> 
     </span>
    </p>

    <p class='ocr_par' dir='ltr' id='par_1_13' title="bbox 370 2938 1920 3268">
     <span class='ocr_line' id='line_1_32' title="bbox 370 2938 1623 3011; baseline 0.003 -20"><span class='ocrx_word' id='word_1_183' title='bbox 370 2938 445 2991; x_wconf 85' lang='lat' dir='ltr'><strong>Et</strong></span> <span class='ocrx_word' id='word_1_184' title='bbox 468 2939 648 2992; x_wconf 85' lang='lat' dir='ltr'><strong>varias</strong></span> <span class='ocrx_word' id='word_1_185' title='bbox 672 2938 827 2993; x_wconf 89' lang='lat' dir='ltr'><strong>audit</strong></span> <span class='ocrx_word' id='word_1_186' title='bbox 851 2956 1030 3007; x_wconf 77' lang='lat' dir='ltr'><strong>voceS,</strong></span> <span class='ocrx_word' id='word_1_187' title='bbox 1061 2941 1372 3011; x_wconf 84' lang='lat' dir='ltr'><strong>fruiturque</strong></span> <span class='ocrx_word' id='word_1_188' title='bbox 1397 2942 1623 2996; x_wconf 89' lang='lat' dir='ltr'><strong>deornm</strong></span> 
     </span>
     <span class='ocr_line' id='line_1_33' title="bbox 372 3025 1920 3095; baseline 0.002 -15"><span class='ocrx_word' id='word_1_189' title='bbox 372 3025 695 3094; x_wconf 79' lang='lat' dir='ltr'><strong>ConloquiO,</strong></span> <span class='ocrx_word' id='word_1_190' title='bbox 726 3030 891 3095; x_wconf 89' lang='lat' dir='ltr'><strong>atque</strong></span> <span class='ocrx_word' id='word_1_191' title='bbox 914 3026 1041 3080; x_wconf 89' lang='lat' dir='ltr'><strong>imis</strong></span> <span class='ocrx_word' id='word_1_192' title='bbox 1067 3027 1391 3082; x_wconf 88' lang='lat' dir='ltr'><strong>Acheronta</strong></span> <span class='ocrx_word' id='word_1_193' title='bbox 1416 3027 1638 3084; x_wconf 78' lang='lat' dir='ltr'><strong>adfatur</strong></span> <span class='ocrx_word' id='word_1_194' title='bbox 1661 3027 1920 3083; x_wconf 80' lang='lat' dir='ltr'><strong>Avernis.</strong></span> 
     </span>
     <span class='ocr_line' id='line_1_34' title="bbox 371 3113 1783 3183; baseline 0.001 -17"><span class='ocrx_word' id='word_1_195' title='bbox 371 3113 478 3167; x_wconf 91' lang='lat' dir='ltr'><strong>Hic</strong></span> <span class='ocrx_word' id='word_1_196' title='bbox 503 3118 559 3167; x_wconf 90' lang='lat' dir='ltr'><strong>et</strong></span> <span class='ocrx_word' id='word_1_197' title='bbox 584 3118 700 3167; x_wconf 88' lang='lat' dir='ltr'><strong>tum</strong></span> <span class='ocrx_word' id='word_1_198' title='bbox 725 3117 885 3182; x_wconf 89' lang='lat' dir='ltr'><strong>pater</strong></span> <span class='ocrx_word' id='word_1_199' title='bbox 907 3114 1026 3182; x_wconf 91' lang='lat' dir='ltr'><strong>ipse</strong></span> <span class='ocrx_word' id='word_1_200' title='bbox 1050 3119 1245 3182; x_wconf 89' lang='lat' dir='ltr'><strong>petens</strong></span> <span class='ocrx_word' id='word_1_201' title='bbox 1269 3131 1534 3183; x_wconf 87' lang='lat' dir='ltr'><strong>responsa</strong></span> <span class='ocrx_word' id='word_1_202' title='bbox 1555 3115 1783 3168; x_wconf 88' lang='lat' dir='ltr'><strong>Latinus</strong></span> 
     </span>
     <span class='ocr_line' id='line_1_35' title="bbox 371 3199 1615 3268; baseline -0.001 -14"><span class='ocrx_word' id='word_1_203' title='bbox 371 3200 606 3254; x_wconf 86' lang='lat' dir='ltr'><strong>Centum</strong></span> <span class='ocrx_word' id='word_1_204' title='bbox 631 3199 906 3268; x_wconf 88' lang='lat' dir='ltr'><strong>lanigeras</strong></span> <span class='ocrx_word' id='word_1_205' title='bbox 930 3200 1207 3254; x_wconf 87' lang='lat' dir='ltr'><strong>mactabat</strong></span> <span class='ocrx_word' id='word_1_206' title='bbox 1233 3201 1338 3253; x_wconf 87' lang='lat' dir='ltr'><strong>rite</strong></span> <span class='ocrx_word' id='word_1_207' title='bbox 1362 3201 1615 3268; x_wconf 89' lang='lat' dir='ltr'><strong>bidentis,</strong></span> 
     </span>
    </p>

    <p class='ocr_par' dir='ltr' id='par_1_14' title="bbox 369 3286 1831 3428">
     <span class='ocr_line' id='line_1_36' title="bbox 369 3286 1769 3356; baseline 0.001 -17"><span class='ocrx_word' id='word_1_208' title='bbox 369 3286 558 3356; x_wconf 90' lang='lat' dir='ltr'><strong>Atque</strong></span> <span class='ocrx_word' id='word_1_209' title='bbox 581 3287 776 3342; x_wconf 87' lang='lat' dir='ltr'><strong>harum</strong></span> <span class='ocrx_word' id='word_1_210' title='bbox 804 3286 1030 3340; x_wconf 84' lang='lat' dir='ltr'><strong>effultus</strong></span> <span class='ocrx_word' id='word_1_211' title='bbox 1055 3292 1213 3353; x_wconf 89' lang='lat' dir='ltr'><strong>tergo</strong></span> <span class='ocrx_word' id='word_1_212' title='bbox 1239 3288 1530 3355; x_wconf 88' lang='lat' dir='ltr'><strong>stratisque</strong></span> <span class='ocrx_word' id='word_1_213' title='bbox 1553 3287 1769 3341; x_wconf 89' lang='lat' dir='ltr'><strong>iacebat</strong></span> 
     </span>
     <span class='ocr_line' id='line_1_37' title="bbox 371 3372 1831 3428; baseline 0.001 -3"><span class='ocrx_word' id='word_1_214' title='bbox 371 3372 716 3428; x_wconf 88' lang='lat' dir='ltr'><strong>Velleribus:</strong></span> <span class='ocrx_word' id='word_1_215' title='bbox 758 3374 942 3427; x_wconf 89' lang='lat' dir='ltr'><strong>subita</strong></span> <span class='ocrx_word' id='word_1_216' title='bbox 966 3390 1034 3426; x_wconf 87' lang='lat' dir='ltr'><strong>ex</strong></span> <span class='ocrx_word' id='word_1_217' title='bbox 1060 3372 1171 3426; x_wconf 88' lang='lat' dir='ltr'><strong>alto</strong></span> <span class='ocrx_word' id='word_1_218' title='bbox 1195 3388 1306 3425; x_wconf 82' lang='lat' dir='ltr'><strong>vox</strong></span> <span class='ocrx_word' id='word_1_219' title='bbox 1331 3373 1547 3427; x_wconf 88' lang='lat' dir='ltr'><strong>reddita</strong></span> <span class='ocrx_word' id='word_1_220' title='bbox 1568 3373 1695 3427; x_wconf 89' lang='lat' dir='ltr'><strong>luco</strong></span> <span class='ocrx_word' id='word_1_221' title='bbox 1719 3379 1831 3427; x_wconf 89' lang='lat' dir='ltr'><strong>est:</strong></span> 
     </span>
    </p>

    <p class='ocr_par' dir='ltr' id='par_1_15' title="bbox 374 3458 1635 3529">
     <span class='ocr_line' id='line_1_38' title="bbox 374 3458 1635 3529; baseline 0.001 -18"><span class='ocrx_word' id='word_1_222' title='bbox 374 3459 407 3489; x_wconf 85' lang='lat'><strong>“</strong></span> <span class='ocrx_word' id='word_1_223' title='bbox 425 3458 510 3513; x_wconf 87' lang='lat' dir='ltr'><strong>Ne</strong></span> <span class='ocrx_word' id='word_1_224' title='bbox 532 3465 663 3529; x_wconf 89' lang='lat' dir='ltr'><strong>pete</strong></span> <span class='ocrx_word' id='word_1_225' title='bbox 687 3461 938 3514; x_wconf 79' lang='lat' dir='ltr'><strong>conubiis</strong></span> <span class='ocrx_word' id='word_1_226' title='bbox 960 3463 1148 3512; x_wconf 87' lang='lat' dir='ltr'><strong>natam</strong></span> <span class='ocrx_word' id='word_1_227' title='bbox 1174 3459 1387 3512; x_wconf 87' lang='lat' dir='ltr'><strong>sociare</strong></span> <span class='ocrx_word' id='word_1_228' title='bbox 1411 3459 1635 3527; x_wconf 74' lang='lat' dir='ltr'><strong>Latinis,</strong></span> 
     </span>
    </p>

    <p class='ocr_par' dir='ltr' id='par_1_16' title="bbox 371 3543 1761 3615">
     <span class='ocr_line' id='line_1_39' title="bbox 371 3543 1761 3615; baseline 0.001 -17"><span class='ocrx_word' id='word_1_229' title='bbox 371 3543 419 3598; x_wconf 93' lang='lat' dir='ltr'>O</span> <span class='ocrx_word' id='word_1_230' title='bbox 446 3562 569 3600; x_wconf 85' lang='lat' dir='ltr'><strong>mea</strong></span> <span class='ocrx_word' id='word_1_231' title='bbox 593 3547 896 3614; x_wconf 85' lang='lat' dir='ltr'><strong>progenies,</strong></span> <span class='ocrx_word' id='word_1_232' title='bbox 927 3545 1181 3599; x_wconf 85' lang='lat' dir='ltr'><strong>thalamis</strong></span> <span class='ocrx_word' id='word_1_233' title='bbox 1205 3561 1314 3598; x_wconf 91' lang='lat' dir='ltr'><strong>neu</strong></span> <span class='ocrx_word' id='word_1_234' title='bbox 1340 3545 1502 3599; x_wconf 87' lang='lat' dir='ltr'><strong>crede</strong></span> <span class='ocrx_word' id='word_1_235' title='bbox 1524 3547 1761 3615; x_wconf 79' lang='lat' dir='ltr'><strong>paratis3</strong></span> 
     </span>
    </p>
   </div>
   <div class='ocr_carea' id='block_1_4' title="bbox 2351 770 2414 821">
    <p class='ocr_par' dir='ltr' id='par_1_17' title="bbox 2351 770 2414 821">
     <span class='ocr_line' id='line_1_40' title="bbox 2351 770 2414 821; baseline 0 0"><span class='ocrx_word' id='word_1_236' title='bbox 2351 770 2414 821; x_wconf 79' lang='lat'><strong>65</strong></span> 
     </span>
    </p>
   </div>
   <div class='ocr_carea' id='block_1_5' title="bbox 2349 1205 2414 1259">
    <p class='ocr_par' dir='ltr' id='par_1_18' title="bbox 2349 1205 2414 1259">
     <span class='ocr_line' id='line_1_41' title="bbox 2349 1205 2414 1259; baseline -0.031 0"><span class='ocrx_word' id='word_1_237' title='bbox 2349 1205 2414 1259; x_wconf 77' lang='grc' dir='ltr'><strong>’ΤΟ</strong></span> 
     </span>
    </p>
   </div>
   <div class='ocr_carea' id='block_1_6' title="bbox 2344 1639 2411 1695">
    <p class='ocr_par' dir='ltr' id='par_1_19' title="bbox 2344 1639 2411 1695">
     <span class='ocr_line' id='line_1_42' title="bbox 2344 1639 2411 1695; baseline -0.075 0"><span class='ocrx_word' id='word_1_238' title='bbox 2344 1639 2411 1695; x_wconf 79' lang='lat'><strong>75</strong></span> 
     </span>
    </p>
   </div>
   <div class='ocr_carea' id='block_1_7' title="bbox 2335 2945 2403 2996">
    <p class='ocr_par' dir='ltr' id='par_1_20' title="bbox 2335 2945 2403 2996">
     <span class='ocr_line' id='line_1_43' title="bbox 2335 2945 2403 2996; baseline 0 0"><span class='ocrx_word' id='word_1_239' title='bbox 2335 2945 2403 2996; x_wconf 82' lang='lat'><strong>90</strong></span> 
     </span>
    </p>
   </div>
   <div class='ocr_carea' id='block_1_8' title="bbox 2334 3380 2400 3431">
    <p class='ocr_par' dir='ltr' id='par_1_21' title="bbox 2334 3380 2400 3431">
     <span class='ocr_line' id='line_1_44' title="bbox 2334 3380 2400 3431; baseline -0.015 0"><span class='ocrx_word' id='word_1_240' title='bbox 2334 3380 2400 3431; x_wconf 82' lang='lat'><strong>95</strong></span> 
     </span>
    </p>
   </div>
  </div>
 </body>
</html>
