2725 3917
951 245 1229 296 VERGILI
1272 244 1602 294 AENEIDOS
1647 244 1737 294 IV.

334 408 456 463 Heu
480 406 609 477 quid
636 408 799 476 agat?
838 422 948 476 quo
971 423 1119 460 nunc
1144 405 1392 473 reginam
1418 405 1628 459 ambire
1651 406 1930 459 furentem

332 493 552 548 Audeat
576 493 809 548 adfatu?
849 509 988 562 quae
1011 493 1189 561 prima
1214 491 1443 545 exordia
1466 493 1682 545 sumat?

330 580 516 649 Atque
541 581 787 634 animum
810 596 958 633 nune
982 579 1092 633 huc
1117 578 1370 646 celerem,
1399 593 1547 630 nunc
1571 577 1770 631 dividit
1793 577 1936 646 illuc,

329 667 395 721 In
419 668 704 737 partisque
728 667 875 735 rapit
899 666 1083 720 varias
1104 681 1314 734 perque
1339 665 1527 718 omnia
1549 668 1750 718 versat.
1777 705 1796 718 .

328 753 482 808 Haec
508 754 806 808 alternanti
830 752 1017 821 potior
1041 752 1318 817 sententia
1340 752 1461 805 visa
1483 754 1600 804 est:

327 842 621 896 Mnesthea
643 841 1065 908 Sergestumque
1089 841 1254 892 vocat
1281 839 1592 905 fortemque
1615 835 1914 905 Serestum,

329 929 577 984 Classem
601 932 792 997 aptent
813 926 970 980 taciti
995 924 1277 993 sociosque
1305 924 1377 978 ad
1398 924 1567 977 litora
1589 928 1807 992 cogant,

329 1015 510 1070 Arma
531 1020 743 1084 parent,
766 1019 838 1082 et,
868 1029 1004 1083 quae
1028 1012 1196 1065 rebus
1222 1011 1294 1064 sit
1319 1027 1484 1064 causa
1506 1009 1794 1079 novandis,

328 1102 723 1170 Dissimulent3
762 1118 879 1155 sese
900 1101 1128 1166 interea,
1158 1098 1379 1166 quando
1404 1097 1614 1166 optima
1637 1096 1785 1151 Dido

328 1190 560 1246 Nesciat
584 1196 641 1244 et
663 1194 849 1243 tantos
872 1189 1055 1257 rumpi
1078 1203 1192 1241 non
1217 1190 1404 1255 speret
1427 1200 1657 1252 amores,

331 1277 749 1346 Temptaturum
774 1275 970 1343 aditus,
999 1280 1056 1329 et
1081 1290 1219 1343 quae
1246 1272 1570 1326 mollissima
1593 1269 1745 1324 fandi

331 1364 618 1434 Tempora,
647 1365 769 1433 quis
790 1363 956 1416 rebus
980 1361 1175 1416 dexter
1197 1360 1412 1414 modus.
1487 1359 1656 1412 Ocius
1680 1373 1872 1411 omnes

330 1450 575 1519 Imperio
595 1450 730 1504 laeti
752 1453 951 1518 parent
973 1464 1038 1503 ac
1061 1449 1211 1502 iussa
1232 1447 1528 1501 facessunt.

398 1537 480 1591 At
503 1537 696 1605 regina
719 1536 1068 1605 dolos—quis
1090 1534 1285 1589 fallere
1310 1534 1484 1602 possit
1510 1535 1790 1584 amantem
1807 1531 1903 1585 2—

332 1624 660 1692 Praesensit,
688 1627 978 1691 motusque
1004 1622 1223 1689 excepit
1247 1620 1426 1689 prima
1447 1618 1681 1684 futuros,

335 1710 532 1764 Omnia
553 1715 675 1764 tuta
701 1710 915 1764 timenS.
987 1707 1195 1761 Eadem
1219 1707 1390 1775 impia
1406 1705 1576 1758 Fama
1597 1703 1808 1756 furenti

333 1797 547 1851 Detulit
571 1797 771 1851 armari
797 1796 1025 1850 classem
1048 1809 1379 1862 cursumque
1402 1790 1601 1861 parari.

335 1883 519 1938 Saevit
542 1884 707 1952 inops
731 1883 918 1949 animi,
945 1887 1230 1950 totamque
1255 1881 1478 1932 incensa
1501 1893 1603 1945 per
1626 1876 1820 1929 urbem

335 1970 660 2040 Bacchatur,
688 1970 863 2039 qualis
886 1970 1176 2023 commotis
1201 1967 1386 2022 excita
1408 1968 1577 2022 sacris

335 2058 551 2127 Thyias,
578 2057 675 2111 ubi
699 2056 887 2110 audito
910 2055 1194 2109 stimulant
1218 2055 1500 2109 trieterica
1523 2055 1744 2110 Baccho

337 2145 504 2214 Orgia
527 2148 938 2213 nocturnusque
962 2147 1125 2197 vocat
1148 2142 1387 2196 clamore
1413 2142 1731 2197 Cithaeron.

337 2231 579 2286 Tandem
601 2231 690 2283 his
714 2231 941 2284 Aenean
968 2228 1262 2299 compellat
1291 2230 1520 2283 vocibus
1545 2230 1724 2284 ultro:

405 2315 816 2369 “Dissimulare
841 2315 1009 2369 etiam
1032 2314 1278 2383 sperasti,
1307 2314 1532 2383 perfide,
1561 2320 1779 2369 tantum
1873 2309 1879 2318 '

335 2403 502 2458 Posse
523 2403 691 2471 nefas,
718 2402 1025 2471 tacitusque
1051 2418 1175 2455 mea
1198 2402 1466 2456 decedere
1489 2403 1679 2456 terra?

335 2490 450 2545 Nec
473 2495 532 2544 te
555 2494 745 2543 noster
767 2504 939 2558 amor,
966 2504 1070 2542 nec
1091 2493 1151 2542 te
1173 2488 1305 2542 data
1327 2489 1558 2543 dextera
1580 2488 1872 2558 quondam,

335 2576 452 2632 Nec
473 2577 749 2631 moritura
772 2580 929 2629 tenet
954 2575 1162 2629 crudeli
1184 2576 1383 2629 funere
1406 2575 1593 2628 Dido?

339 2664 481 2730 Quin
506 2665 673 2717 etiam
694 2662 932 2716 hiberno
958 2662 1167 2715 moliris
1193 2662 1370 2716 sidere
1397 2661 1641 2728 classem,

335 2750 406 2804 Et
427 2750 628 2804 mediis
649 2765 916 2826 properas
935 2747 1284 2816 aquilonibus
1308 2748 1390 2801 ire
1414 2765 1515 2815 per
1541 2748 1729 2816 altum,

337 2838 621 2891 Crudelis?
696 2835 880 2901 Quid?
918 2835 964 2888 si
987 2850 1103 2887 non
1128 2850 1262 2888 arva
1285 2833 1463 2887 aliena
1486 2833 1785 2903 domosque

335 2924 556 2993 Ignotas
578 2928 813 2992 peteres,
842 2927 898 2975 et
923 2921 1084 2974 Troia
1110 2920 1338 2990 antiqua
1359 2925 1624 2989 maneret,

335 3011 493 3066 Troia
515 3027 615 3081 per
639 3009 910 3063 undosum
937 3012 1219 3076 peteretur
1243 3007 1504 3062 classibus
1528 3008 1771 3078 aequor?

333 3097 491 3151 Mene
515 3096 705 3165 fugis?
779 3094 889 3148 Per
912 3110 1015 3162 ego
1036 3093 1140 3147 has
1162 3092 1420 3147 lacrimas
1443 3094 1802 3164 dextramque
1826 3097 1977 3148 tuam
2003 3097 2133 3146 te—

334 3184 564 3251 Quando
588 3182 742 3238 aliud
764 3180 904 3234 mihi
927 3181 1039 3234 iam
1063 3180 1295 3233 miserae
1317 3180 1458 3232 nihil
1482 3181 1605 3249 ipsa
1627 3180 1897 3249 reliqui—

329 3271 435 3326 Per
458 3269 696 3326 conubia
721 3272 929 3334 nostra,
959 3283 1059 3335 per
1080 3266 1331 3334 inceptos
1355 3266 1707 3335 hymenaeos,

328 3358 385 3413 si
407 3360 551 3414 bene
575 3356 710 3427 quid
736 3354 808 3407 de
834 3359 892 3406 te
916 3352 1108 3421 merui,
1136 3353 1248 3405 fuit
1271 3357 1369 3406 aut
1392 3353 1496 3406 tibi
1522 3353 1813 3421 quicquam

322 3445 499 3504 Dulce
521 3460 732 3510 meum,
759 3440 1022 3494 miserere
1045 3438 1242 3492 domus
1265 3439 1503 3493 labentis
1528 3444 1585 3492 et
1607 3439 1787 3506 istam,
1887 3455 1894 3464 ·

322 3531 455 3608 Q
480 3534 529 3590 si
555 3531 682 3604 quis
707 3527 893 3583 adhuc
916 3527 1170 3595 precibus
1192 3526 1361 3594 locus,
1386 3542 1525 3579 exue
1549 3529 1809 3579 mentem.

2257 578 2362 632 285

2258 1014 2364 1064 290

2260 1445 2364 1496 295

2264 1878 2367 1929 300

2177 2339 2184 2344 ·
2263 2315 2366 2367 305

2264 2748 2367 2799 310

2261 3180 2363 3230 315
