2725 3917
906 241 1182 291 VERGILI
1225 243 1556 292 AENEIDOS
1599 244 1740 296 VIII.

318 402 424 455 Hoc
448 401 592 455 acies
617 418 828 470 campn,
857 403 1082 457 monitis
1108 404 1378 457 exterrita
1402 404 1607 458 divom.

317 488 426 557 Ipse
451 494 699 542 oratores
723 489 794 542 ad
817 506 907 543 me
931 490 1198 559 regnique
1221 507 1486 545 coronam

318 576 443 629 Oum
469 581 687 644 sceptro
712 577 862 630 misit
886 577 1220 646 mandatque
1242 578 1480 647 insignia
1503 578 1771 648 Tarchon,

317 663 601 717 Succedam
626 663 834 732 castris,
862 663 1256 733 Tyrrhenaque
1279 682 1453 733 regna
1476 682 1772 735 capessam.

316 750 411 804 Sed
434 749 574 802 mihi
596 750 755 803 tarda
778 751 907 818 gelu
932 750 1231 820 saeclisque
1258 752 1426 806 effeta
1449 758 1705 809 senectus

316 836 520 890 Invidet
544 836 835 905 imperium
860 853 1121 906 seraeque
1144 838 1212 892 ad
1239 839 1406 893 fortia
1430 841 1593 895 vires.

315 923 512 977 Natum
536 924 876 992 exhortarer,
905 926 965 977 ni
987 924 1196 978 mixtus
1217 931 1399 982 matre
1425 926 1643 983 Sabella

316 1010 449 1064 Hinc
474 1015 687 1079 partem
712 1012 925 1079 patriae
948 1011 1213 1067 traheret.
1297 1012 1395 1081 Tu,
1425 1014 1581 1069 cuius
1604 1021 1659 1070 et
1686 1018 1847 1071 annis

313 1095 377 1149 Et·
398 1097 587 1164 generi
609 1098 724 1151 fata
747 1097 1049 1168 indulgent,
1079 1117 1243 1169 quem
1265 1104 1498 1157 numina
1519 1116 1768 1172 poscunt,

313 1183 612 1252 Ingredere,
642 1201 676 1237 o
701 1184 971 1238 Teucrum
994 1191 1161 1256 atque
1185 1187 1388 1241 Italum
1411 1190 1707 1246 fortissime
1733 1191 1945 1245 ductor.

312 1270 466 1325 Hunc
489 1270 591 1324 tibi
614 1277 912 1342 praeterea,
948 1289 1072 1342 spes
1096 1280 1155 1329 et
1179 1277 1373 1331 solatia
1395 1279 1586 1347 nostri,

310 1356 557 1411 Pallanta
580 1357 904 1427 adiungam3
945 1362 1047 1415 sub
1080 1367 1140 1416 te
1167 1364 1405 1419 tolerare
1433 1366 1696 1433 magistro

308 1444 557 1497 Militiam
584 1449 639 1497 et
663 1462 830 1513 grave
852 1445 1049 1501 Martis
1078 1466 1230 1519 opus,
1259 1457 1358 1506 tua
1382 1468 1604 1508 cernere
1628 1454 1775 1507 facta

306 1531 624 1599 Adsuescat,
651 1533 844 1601 primis
870 1540 928 1588 et
950 1540 1007 1589 te
1030 1537 1265 1591 miretur
1288 1540 1357 1593 ab
1382 1539 1557 1593 annis.

307 1617 550 1672 Arcadas
573 1617 703 1672 huic
728 1622 941 1690 equites
964 1623 1050 1677 bis
1075 1630 1314 1694 centum,
1342 1627 1547 1681 robora
1569 1627 1729 1694 pubis

307 1708 484 1778 Lecta,
513 1710 673 1778 dab0‚
700 1709 1043 1781 totidemque
1066 1730 1166 1767 suo
1189 1715 1293 1768 tibi
1317 1715 1543 1767 nomine
1567 1713 1802 1767 Pallas.’'

371 1795 486 1849 Vix
511 1814 577 1850 ea
600 1798 748 1851 fatus
773 1803 919 1852 erat:
960 1798 1233 1870 defixique
1257 1817 1357 1854 ora
1381 1801 1649 1854 tenebant

304 1887 522 1941 Aeneas
547 1886 913 1940 Anchisiades
936 1891 994 1940 et
1016 1886 1160 1941 fidus
1184 1886 1461 1953 Achates3

303 1974 582 2044 Multaque
608 1974 746 2027 dura
771 1991 870 2027 suo
895 1974 1042 2027 tristi
1066 1990 1192 2028 cum
1219 1973 1385 2028 corde
1408 1975 1699 2042 putabant,

302 2059 354 2111 N
357 2061 376 2113 i
399 2060 617 2127 signum
642 2059 794 2112 caelo
826 2058 1103 2126 Cytherea
1128 2059 1369 2112 dedisset
1395 2063 1603 2127 aperto,

301 2148 553 2218 Namque
577 2150 877 2219 improviso
900 2149 1151 2203 vibratus
1177 2147 1245 2200 ab
1273 2146 1496 2224 aethere
1520 2147 1702 2214 fulgor

301 2234 440 2289 Cum
466 2237 653 2290 sonitu
679 2237 846 2305 venit,
877 2241 934 2289 et
959 2251 1119 2288 ruere
1147 2232 1333 2289 omnia
1354 2234 1476 2293 visa
1498 2239 1741 2302 repente,

299 2322 723 2392 Tyrrhenusque
747 2324 913 2376 tubae
936 2321 1150 2389 mugire
1173 2337 1275 2388 per
1299 2321 1525 2373 aethera
1550 2321 1792 2388 clangor.

299 2407 650 2478 Suspiciunt;
691 2411 892 2464 iterum
922 2414 1087 2477 atque
1111 2408 1310 2461 iterum
1336 2408 1522 2475 fragor
1547 2408 1799 2476 increpat
1819 2408 2032 2476 ingens.

296 2495 470 2549 Arma
494 2498 644 2550 inter
667 2498 871 2551 nubem
903 2496 1041 2550 caeli
1065 2495 1124 2548 in
1151 2496 1378 2563 regione
1403 2510 1596 2547 serena

296 2580 405 2635 Per
428 2583 628 2637 sudum
654 2584 885 2638 rutilare
908 2583 1105 2637 vident
1133 2587 1189 2635 et
1213 2581 1372 2649 pulsa
1394 2585 1604 2635 tonare.

296 2667 628 2737 Obstipuere
652 2671 852 2724 animis
876 2671 999 2734 alii;
1039 2671 1136 2725 sed
1157 2671 1351 2724 Troius
1377 2670 1542 2723 heros

292 2754 546 2823 Agnovit
572 2757 814 2810 sonitum
843 2763 898 2811 et
924 2758 1084 2811 divae
1109 2758 1380 2825 promissa
1402 2755 1663 2825 parentis.

292 2841 434 2896 Tum
460 2850 766 2897 memorat:
800 2844 938 2897 “Ne
963 2861 1114 2912 vere,
1141 2845 1357 2913 hospeS‚
1387 2861 1459 2898 ne
1486 2859 1685 2912 quaere
1709 2843 1978 2911 profect-0,

291 2928 474 2993 Quem
500 2946 688 2983 casum
712 2935 975 2998 portenta
1000 2932 1211 2985 ferant:
1252 2948 1356 2999 ego
1382 2947 1579 2999 poscor
1607 2929 1868 2998 Olympo,

289 3015 415 3071 Hoc
441 3017 662 3086 signum
688 3018 890 3071 cecinit
911 3019 1201 3071 missuram
1224 3017 1356 3071 diva
1380 3018 1636 3086 creatrix,

287 3102 349 3155 Si
375 3104 587 3158 bellum
612 3105 928 3172 ingrueret,‘
944 3103 1324 3173 Volcaniaque
1350 3121 1503 3159 arma
1527 3121 1628 3173 per
1654 3121 1814 3158 auras

287 3189 556 3245 Laturam
583 3191 808 3245 auxilio·

283 3275 416 3330 Heu
444 3283 685 3346 quantae
709 3277 928 3331 miseris
953 3278 1150 3334 caedes
1174 3278 1544 3332 Laurentibus
1569 3278 1814 3332 instant?

280 3362 444 3427 Quas
469 3380 676 3432 poenas
698 3364 855 3431 mihi,
884 3363 1082 3430 Turne,
1110 3364 1293 3417 dabis!
1338 3381 1503 3433 quam
1529 3364 1705 3418 multa
1728 3365 1829 3418 sub
1856 3362 2031 3415 undas

278 3448 463 3503 Scuta
488 3451 669 3502 virum
695 3449 984 3518 galeasque
1010 3455 1066 3503 et
1089 3451 1258 3505 fortia
1282 3460 1520 3519 corpora
1548 3450 1754 3517 volves,

277 3534 504 3602 Thybri
531 3537 718 3604 pater!
796 3536 1036 3592 Poscant
1059 3537 1219 3604 acieS,
1249 3542 1305 3590 et
1328 3536 1559 3590 foedera
1581 3536 1869 3604 rumpant!
1892 3534 1924 3561 '’

2233 496 2335 547 505

2228 932 2333 982 510

2229 1369 2330 1419 515

2227 1803 2329 1853 520

2228 2236 2330 2286 525

2226 2671 2330 2721 530

2226 3106 2327 3155 535

2226 3536 2333 3586 540
