2725 3917
991 229 1268 280 VERGILI
1313 229 1574 280 EGLOGA
1613 229 1756 281 VIII.

357 393 648 461 CertantiS,
678 408 913 460 quorum
937 390 1280 459 stupefactae
1306 391 1549 444 carmine
1572 390 1779 459 lynces,

354 480 429 534 Et
452 484 668 535 mutata
692 497 819 534 suos
842 480 1162 547 requierunt
1185 479 1417 533 fiumina
1439 495 1644 547 cursus,

354 567 620 621 Damonis
645 567 858 621 Musam
884 566 1128 619 dicemus
1152 570 1208 619 et
1229 565 1608 635 Alphesiboei.
2356 566 2391 619 5

425 654 505 706 Tu
530 653 666 706 mihi
693 670 788 707 seu
812 653 998 721 magni
1024 669 1250 721 superas
1271 653 1382 706 iam
1408 668 1539 707 saxa
1563 650 1789 719 Timavi,

355 740 484 795 Sive
510 757 660 794 oram
687 739 894 807 Hlyrici
916 740 1053 808 legis
1079 740 1348 807 aequoris,
1378 755 1447 792 en
1474 739 1579 791 erit
1605 753 1862 806 umquam

354 827 456 881 Ille
481 827 611 896 dies,
640 826 777 878 mihi
802 843 928 880 cum
952 827 1118 880 liceat
1143 831 1240 879 tua
1263 825 1447 879 dicere
1472 825 1651 879 facta?

354 914 441 967 En
468 915 587 983 erit,
616 918 680 968 ut
701 913 868 967 liceat
893 918 1074 967 totum
1098 912 1236 965 mihi
1259 913 1404 966 ferre
1426 928 1527 980 per
1553 912 1744 965 orbem

356 1001 485 1055 Sola
509 1001 816 1069 Sophocleo
842 1004 938 1054 tua
962 1000 1206 1058 carmina
1229 999 1397 1068 digna
1421 999 1733 1053 cothurno?
2323 1000 2392 1051 10

353 1086 410 1140 A
435 1092 492 1141 te
517 1086 865 1156 principium,
891 1087 995 1140 tibi
1019 1086 1252 1140 desinet.
1327 1084 1540 1152 Accipe
1563 1085 1725 1138 iussis

356 1172 617 1227 Carmina
641 1179 839 1242 coepta
862 1173 988 1239 tuis,
1019 1175 1185 1239 atque
1210 1170 1354 1224 hanc
1380 1171 1496 1225 sine
1519 1170 2004 1240 temporacircum

354 1259 510 1313 Inter
537 1260 778 1313 victricis
801 1258 1064 1311 hederam
1089 1257 1194 1319 tibi
1219 1273 1441 1325 serpere
1465 1257 1668 1311 lauruS.

425 1346 648 1414 Frigida
670 1347 768 1398 vix
793 1345 945 1400 caelo
969 1343 1152 1397 noctis
1176 1343 1488 1398 decesserat
1505 1345 1718 1412 umbra,

356 1432 496 1487 Cum
521 1449 612 1485 ros
635 1432 694 1484 in
718 1436 911 1484 tenera
934 1430 1124 1498 pecori
1148 1430 1487 1498 grat-issimus
1508 1430 1698 1499 herba,
2321 1434 2389 1486 15

354 1518 691 1573 Incumbens
713 1517 879 1570 tereti
903 1515 1123 1569 Damon
1149 1516 1228 1569 sic
1253 1517 1435 1585 coepit
1460 1516 1665 1571 olivae:

425 1606 584 1658 ΒΑΜ.
626 1603 931 1670 “Nascere,
956 1603 1200 1672 vpraeque
1227 1602 1374 1656 diem
1398 1604 1626 1658 veniens
1651 1620 1767 1672 age,
1795 1603 2034 1673 Lucifer,
2063 1604 2284 1675 almum,

357 1691 623 1760 Coniugis
647 1689 873 1759 indigno
898 1689 1083 1758 Nysae
1107 1690 1371 1758 deceptus
1394 1706 1581 1745 amore

355 1777 504 1831 Dum
530 1794 743 1848 queror,
774 1781 830 1831 et
855 1776 1027 1847 divoe,
1057 1793 1384 1847 quamquam
1406 1777 1487 1830 nil
1512 1778 1743 1831 testibus
1766 1776 1873 1830 illis

354 1864 587 1934 Profeci,
618 1869 867 1919 extrema
898 1865 1143 1918 moriens
1166 1868 1354 1919 tamen
1381 1865 1648 1934 adloquor
1671 1865 1827 1918 hora.
2320 1868 2389 1919 20

425 1952 613 2022 Incipe
637 1951 939 2007 Maenalios
958 1969 1192 2020 mecum,
1221 1968 1344 2006 mea
1368 1953 1521 2020 tibia,
1549 1968 1755 2006 versus.

354 2039 639 2095 Maenalus
663 2044 1028 2108 argutumque
1052 2055 1248 2093 nemus
1271 2039 1540 2107 pinosque
1563 2039 1839 2108 loquentis

356 2126 585 2197 Semper
607 2127 807 2194 habet3
850 2142 1065 2194 semper
1089 2129 1375 2193 pastorum
1399 2125 1492 2179 ille
1516 2124 1671 2180 audit
1694 2142 1921 2195 amores,

354 2212 631 2282 Panaque,
661 2213 754 2281 qui
777 2212 987 2281 primus
1011 2211 1252 2266 calamos
1275 2228 1387 2265 non
1414 2228 1605 2280 passus
1629 2213 1842 2266 inertie.

425 2299 614 2368 Incipe
638 2299 941 2353 Maenalios
965 2316 1197 2368 mecum,
1225 2315 1351 2353 mea
1375 2299 1529 2369 tibia,
1556 2316 1764 2354 versus.
2318 2301 2390 2353 25

354 2385 551 2454 Mopso
578 2385 732 2452 Nysa
755 2385 950 2440 datur:
995 2386 1126 2456 quid
1151 2403 1265 2440 non
1291 2403 1573 2455 speremus
1598 2387 1879 2440 amantes?

355 2473 661 2542 Iungentur
683 2474 795 2527 iam
821 2475 1021 2543 grypes
1047 2474 1215 2543 equiS,
1247 2489 1492 2543 aevoque
1518 2473 1770 2542 sequenti

357 2560 496 2613 Cum
522 2560 748 2615 canibus
771 2560 954 2614 timidi
979 2562 1207 2615 venient
1232 2561 1303 2615 ad
1326 2561 1528 2629 pocula
1552 2560 1820 2614 dammae.

425 2646 614 2715 Incipe
638 2646 939 2700 Maenalios
961 2664 1197 2717 mecum,
1223 2664 1347 2702 mea
1370 2648 1523 2715 tibia,
1546 2663 1752 2701 versus

354 2731 563 2802 Mopse,
591 2750 766 2787 novas
789 2734 970 2788 incide
994 2735 1172 2789 faces:
1213 2735 1317 2788 tibi
1341 2735 1563 2788 ducitur
1588 2751 1757 2803 uxor3
2318 2733 2388 2787 30

355 2819 578 2889 Sparge,
607 2820 819 2888 marite,
847 2838 1044 2876 nuces:
1085 2822 1190 2876 tibi
1214 2821 1420 2875 deserit
1440 2820 1721 2889 Hesperus
1746 2820 1961 2874 Oetam.

423 2906 616 2975 Incipe
639 2905 940 2962 Maenalios
962 2925 1196 2975 mecum,
1220 2925 1348 2963 mea
1372 2909 1525 2977 tibia,
1555 2923 1761 2962 versus,

355 2992 403 3045 O
431 2993 599 3062 digno
624 2992 920 3049 coniuncta
942 2997 1081 3062 vir0,
1110 2996 1241 3048 dum
1267 2995 1506 3064 despicis
1532 2995 1727 3061 omnis,

353 3077 610 3151 Dumque
634 3081 737 3135 tibi
764 3085 846 3134 est
872 3081 999 3134 odio
1023 3098 1145 3135 mea
1168 3081 1352 3137 fistula
1375 3083 1616 3152 dumque
1642 3080 1886 3149 capellae

353 3165 752 3236 Hirsutumque
777 3166 1128 3233 supercilium
1151 3169 1526 3238 promissaque
1551 3168 1740 3235 barba,
2318 3167 2388 3219 35

354 3251 473 3307 Nec
498 3269 690 3307 curare
716 3252 881 3304 deum
907 3253 1084 3306 credis
1106 3255 1364 3308 mortalia
1389 3255 1748 3323 quemquami

422 3337 612 3407 Incipe
634 3337 941 3393 Maenalios
962 3345 1190 3408 mecum,
1218 3356 1341 3394 mea
1363 3341 1516 3407 tibia,
1544 3356 1754 3394 versus.

355 3420 620 3490 Saepibus
643 3424 702 3475 in
729 3423 938 3477 nostris
959 3439 1189 3492 parvam
1213 3428 1272 3478 te
1300 3424 1520 3478 roscida
1542 3424 1757 3478 mala—-

353 3505 481 3559 Dux
506 3525 608 3577 ego
633 3512 818 3563 vester
843 3510 1181 3564 eram--vidi
1205 3527 1330 3564 cum
1355 3515 1532 3563 matre
1555 3510 1847 3579 legentem.
