2725 3917
228 3609 269 3658 :a
306 3611 383 3652 5⁸·ss

928 959 943 972 ι
971 864 1030 932 Ρ.
1065 863 1342 933 VERGILI
1391 864 1692 933 MARONIS

818 1047 915 1123 A
970 1047 1045 1123 E
1103 1048 1195 1123 N
1254 1049 1327 1122 Ε
1391 1048 1435 1123 1
1498 1048 1580 1122 D
1645 1047 1718 1125 O
1783 1048 1839 1125 S

984 1241 1256 1302 LIBER
1316 1242 1674 1305 PRIMUS.

313 1533 490 1588 Arma
512 1532 802 1601 virumque
826 1549 982 1600 cano,
1013 1531 1210 1586 Troiae
1235 1533 1328 1601 qui
1354 1532 1566 1602 primus
1590 1534 1658 1587 ab
1682 1535 1795 1588 oris

312 1619 548 1687 Italiam,
575 1620 694 1673 fato
714 1620 994 1688 profugae,
1022 1618 1339 1688 Lavinaque
1365 1620 1519 1673 venit

313 1705 518 1774 Litora,
550 1706 779 1759 multum
806 1705 899 1759 ille
924 1710 981 1758 et
1004 1705 1169 1758 terris
1191 1707 1430 1759 iactatus
1454 1710 1511 1759 et
1534 1706 1650 1759 alto

314 1791 391 1845 Vi
415 1810 676 1862 superum
700 1808 895 1845 saevae
918 1809 1219 1845 memorem
1244 1793 1470 1848 Iunonis
1495 1793 1566 1845 ob
1593 1793 1747 1858 iram,

315 1877 489 1931 Multa
511 1895 729 1947 quoque
754 1883 813 1931 et
836 1878 981 1932 bello
1004 1895 1209 1947 passus,
1239 1878 1369 1931 dum
1396 1877 1662 1931 conderet
1686 1879 1897 1948 urbem,

313 1964 661 2033 Inferi-etque
685 1965 818 2018 deos
840 1964 1030 2031 Latio;
1071 1980 1245 2033 genus
1268 1964 1415 2017 unde
1441 1964 1698 2017 Latinum

313 2050 623 2119 Albanique
646 2057 832 2119 patres
851 2057 1015 2120 atque
1039 2051 1180 2105 altae
1207 2051 1427 2105 moenia
1449 2051 1677 2105 Romae.

380 2139 554 2207 Musa,
582 2138 722 2190 mihi
745 2155 934 2192 causas
959 2155 1217 2205 memora„
1249 2155 1357 2208 quo
1384 2139 1609 2192 numine
1632 2138 1801 2207 laese,

313 2225 528 2290 Quidve
553 2224 760 2293 dolena,
786 2226 979 2293 regina
1001 2224 1166 2278 deum
1190 2230 1276 2278 tot
1302 2225 1525 2279 volvere
1555 2242 1714 2279 casus

311 2311 588 2380 Insignem
612 2313 819 2381 pietate
843 2312 1038 2378 virum,
1067 2316 1158 2364 tot
1179 2311 1331 2367 adire
1352 2312 1575 2366 labores

310 2397 613 2467 Impulerit.
687 2399 967 2452 Tantaene
992 2398 1191 2452 animis
1214 2398 1539 2453 caelestibus
1561 2397 1710 2452 irae?

376 2554 525 2609 Urbs
550 2555 778 2623 antiqua
800 2555 924 2622 fuit,
954 2555 1105 2623 Tyrii
1130 2560 1359 2609 tenuere
1388 2555 1589 2620 coloni,

308 2641 614 2709 Karthag0‚
643 2642 861 2695 Italiam
886 2652 1082 2696 eontra
1106 2642 1470 2711 Tiberinaque
1495 2642 1659 2709 longe

308 2727 476 2796 Ostia,
506 2728 664 2782 dives
689 2745 856 2796 opum
880 2729 1182 2801 studiisque
1210 2731 1513 2798 asperrima
1538 2729 1666 2783 belli
1688 2748 1701 2798 3

308 2814 486 2879 Quam
509 2814 653 2867 Iuno
677 2815 856 2868 fertur
880 2815 1044 2869 terris
1068 2817 1244 2884 magis
1271 2816 1526 2869 omnibus
1553 2833 1719 2870 unam

304 2898 636 2955 Posthabita
660 2900 891 2955 coluisse
916 2901 1111 2957 Samo:
1153 2903 1246 2955 hie
1270 2902 1418 2955 illius
1442 2919 1611 2969 arma,

306 2984 412 3040 Hie
434 3002 631 3042 currus
652 2986 792 3051 fuit3
832 2987 938 3041 hoe
962 3005 1194 3058 regnum
1220 2988 1324 3046 dea
1348 2989 1603 3056 gentibus
1629 3004 1774 3057 esse,

304 3069 365 3128 Si
388 3085 499 3146 qm
518 3072 637 3128 fata
660 3072 857 3137 sinant&
886 3074 995 3127 iam
1021 3080 1139 3127 tum
1167 3075 1456 3142 tenditque
1481 3076 1761 3143 fovetque.

301 3155 633 3228 Paganiem
659 3159 755 3211 sed
781 3160 924 3232 enim
954 3161 1191 3214 Troiano
1217 3178 1251 3214 a
1275 3161 1543 3227 sanguine
1568 3162 1696 3215 duci

303 3239 588 3313 mimae,
620 3244 815 3311 Tyrias
840 3245 971 3298 olim
996 3263 1134 3314 quae
1154 3251 1400 3300 verteret
1424 3263 1609 3313 arees3
1719 3307 1725 3313 ,

298 3329 738 3404 Q'ssflopulum
765 3330 877 3385 late
903 3349 1088 3399 regem
1112 3333 1365 3401 belloque
1394 3335 1692 3401 superbum

300 3411 621 3494 mm
647 3418 892 3471 exscidio
918 3418 1157 3486 Libyae:
1199 3420 1278 3472 sie
1302 3419 1526 3472 volvere
1549 3419 1767 3475 Parcas,

292 3485 644 3602 mm
670 3504 978 3573 veterisque
1003 3521 1213 3558 memor
1238 3505 1497 3559 Saturnia
1520 3505 1666 3573 belli,

288 3587 297 3596 ·
332 3577 353 3618 '-
434 3609 443 3620 .

2249 2277 2346 2370 ¹u)

2274 2818 2342 2871 15

2269 3250 2341 3301 20
