2725 3917
919 247 1195 297 VERGILI
1239 248 1571 297 AENEIDOS
1612 248 1702 299 VI.

313 409 413 463 Neo
436 426 573 478 puer
600 409 770 464 Iliaca
794 410 1080 479 quisquam
1106 409 1175 463 de
1198 414 1364 477 geute
1389 408 1621 463 Latinos

310 496 364 549 In
385 501 598 551 tantum
623 513 720 565 spe
745 496 905 550 tollet
929 512 1078 564 avos,
1107 513 1209 550 neo
1234 495 1472 549 Romula
1496 496 1772 565 quondam

310 582 420 637 Ullo
445 600 502 637 se
526 589 746 637 tantum
770 583 933 637 tellus
957 583 1190 637 iactabit
1214 583 1452 637 alumno·

308 669 415 723 Heu
439 670 631 739 pietas,
660 670 768 723 heu
792 670 975 738 prisea
999 669 1150 737 fides,
1183 669 1500 737 invictaque
1526 669 1672 723 bello

303 756 564 812 Dextera!
606 774 721 811 non
743 756 825 810 illi
854 773 912 810 se
939 757 1223 825 quisquam
1249 756 1477 824 impune
1500 756 1719 810 tulisset

304 845 501 898 Obvius
527 849 754 912 armato,
783 860 881 897 seu
907 859 1029 896 cum
1056 843 1225 911 pedes
1247 842 1353 895 iret
1377 843 1438 895 in
1460 842 1697 911 hostem,

302 933 399 987 Seu
422 934 727 1003 spumantis
751 934 874 1003 equi
900 932 1118 986 foderet
1143 930 1445 986 calcaribus
1468 946 1667 984 armos,

301 1019 427 1088 Heu,
455 1020 762 1075 miserande
789 1020 952 1089 puer!
998 1019 1045 1071 si
1074 1035 1181 1087 qua
1206 1018 1322 1071 fata
1345 1032 1540 1084 aspera
1564 1033 1803 1085 rumpant

298 1106 372 1160 Tu
393 1108 681 1162 Marcellus
704 1108 826 1162 eris.
904 1105 1158 1160 Manibus
1188 1103 1316 1157 date
1339 1103 1458 1156 lilia
1479 1102 1675 1172 plenis,

295 1193 598 1263 Purpureos
622 1211 875 1264 spargam
899 1193 1079 1260 florea,
1110 1191 1459 1258 animamque
1482 1191 1704 1258 nepotis

295 1281 391 1335 His
413 1282 608 1336 saltem
627 1282 968 1336 accumulem
992 1281 1168 1348 donis,
1199 1283 1257 1332 et
1279 1278 1484 1345 fungar
1507 1277 1662 1331 inani

292 1367 567 1424 Munere.”
641 1369 731 1423 sio
753 1374 874 1423 tota
895 1370 1098 1439 passim
1128 1367 1351 1435 regione
1378 1370 1649 1432 vagantur

290 1455 447 1509 Aeris
470 1457 530 1509 in
556 1458 763 1526 eampis
785 1457 929 1524 latia
958 1462 1122 1525 atque
1148 1455 1334 1509 omnia
1361 1453 1616 1506 lustrant.

290 1542 436 1606 Quae
460 1550 752 1612 postquam
780 1543 1053 1597 Anchises
1078 1547 1267 1596 natum
1295 1557 1395 1609 per
1422 1538 1638 1607 singula
1662 1538 1835 1607 duxit,

285 1629 640 1699 Incenditque
665 1631 907 1684 animum
934 1630 1114 1684 famae
1137 1630 1413 1683 venientis
1436 1643 1639 1694 amore,

285 1715 428 1769 Exin
451 1717 597 1771 bella
619 1717 740 1770 viro
761 1722 1038 1771 memorat
1064 1733 1203 1785 quae
1232 1713 1432 1769 deinde
1457 1711 1714 1781 gerenda,

283 1802 676 1874 Laurentisque
700 1804 866 1859 doeet
888 1804 1123 1873 populos
1147 1804 1453 1870 urbemque
1482 1798 1683 1865 Latini,

280 1890 353 1944 Et
376 1908 485 1959 quo
513 1908 782 1961 quemque
808 1891 973 1945 modo
997 1891 1288 1958 fugiatque
1314 1890 1564 1955 feratque
1590 1885 1852 1940 laborem.

349 1978 489 2032 Sunt
512 1979 763 2047 geminae
787 1978 977 2032 Somni
1002 1984 1214 2047 portae,
1245 1992 1483 2044 quarum,
1503 1973 1677 2027 altera
1701 1972 1877 2028 fertur

280 2065 509 2133 Cornea,
540 2082 648 2135 qua
672 2066 816 2119 veris
838 2064 1023 2119 facilis
1047 2065 1212 2118 datur
1238 2065 1419 2118 exitus
1445 2063 1666 2118 Umbris
1687 2083 1700 2130 3

276 2150 474 2205 Altera
496 2152 756 2206 candenti
779 2152 1030 2220 perfecta
1053 2152 1237 2205 nitens
1263 2150 1576 2219 elephante,

222 2268 227 2274 -
277 2238 387 2292 Sed
409 2239 555 2293 falsa
579 2238 648 2293 ad
675 2239 888 2293 caelum
913 2239 1143 2291 mittunt
1169 2239 1447 2291 insomnia
1467 2237 1676 2293 Manes.

273 2324 379 2378 His
404 2326 498 2379 ubi
523 2331 640 2379 tum
667 2329 860 2379 natum
885 2325 1162 2378 Anchises
1189 2341 1405 2393 unaque
1431 2324 1697 2392 Sibyllam

271 2409 635 2481 Prosequitur
659 2411 837 2479 dietis,
866 2417 1134 2480 portaque
1163 2412 1370 2465 emittit
1394 2412 1620 2479 eburna,

269 2496 375 2552 Ille
397 2500 544 2554 viam
571 2502 723 2551 secat
749 2498 818 2552 ad
841 2499 997 2551 navis
1024 2499 1306 2566 sociosque
1333 2499 1558 2564 revisit3

270 2583 407 2637 Tum
434 2603 493 2639 se
518 2585 588 2639 ad
614 2585 839 2639 Caietae
863 2590 1019 2638 reoto
1043 2585 1155 2638 fert
1179 2585 1345 2639 litore
1373 2589 1611 2654 portum.

265 2671 496 2726 Ancora
519 2671 590 2726 de
619 2688 791 2741 prora
815 2671 1049 2738 iacitur3
1091 2676 1240 2726 stant
1268 2672 1433 2725 litore
1458 2687 1689 2740 puppes,

2221 413 2324 468 875

2219 848 2323 899 880

2215 1281 2318 1332 885

2210 1716 2315 1767 890

2207 2155 2311 2205 895

2208 2588 2310 2639 900
