2725 3917
980 244 1263 296 VERGILI
1305 246 1638 299 mumos
1679 248 1746 300 ΙΙ.

342 405 615 475 Induitur,
642 404 914 475 laterique
939 404 1213 475 Argivum
1236 408 1620 463 accommodat
1640 425 1848 466 ensem.
1881 439 1901 447 ι

343 493 466 546 Hoc
489 492 754 562 Ripheus,
784 493 889 546 hoo
914 493 1030 561 ipse
1054 493 1265 560 Dymas
1288 496 1578 564 omnisque
1602 497 1862 551 iuventus

342 578 514 633 Laeta
536 578 706 647 facit3
747 580 937 649 spoliis
959 596 1018 633 se
1043 580 1269 649 quisque
1293 582 1612 636 recentibus
1630 589 1825 638 armat.
2275 589 2379 642 395

343 665 615 721 Vadimus
637 666 881 720 immixti
903 666 1111 721 Danais
1131 666 1281 721 haud
1303 670 1532 723 numine
1556 678 1764 740 nostro,

342 752 626 822 Multaque
649 769 753 822 per
775 770 994 810 caecam
1018 755 1297 822 congressi
1322 755 1533 824 proelia
1555 761 1779 810 noctem

345 840 716 903 Conserimus,
744 840 948 894 multos
968 840 1225 895 Danaum
1246 840 1590 896 demittimus
1614 842 1777 898 Orco.

342 925 660 995 Diffugiunt
686 926 779 980 alii
805 926 876 981 ad
900 927 1072 995 navis,
1099 933 1157 981 et
1178 927 1346 981 litora
1370 943 1534 982 cursu

343 1013 482 1068 Fida
503 1017 732 1082 petunt;
773 1029 902 1082 pars
924 1014 1204 1082 ingentem
1231 1014 1536 1069 formidine
1559 1019 1712 1087 turpi
2275 1023 2381 1073 400

346 1099 631 1154 Scandunt
656 1116 844 1154 rursus
868 1116 1071 1169 equum
1094 1104 1153 1154 et
1175 1107 1311 1155 nota
1334 1102 1650 1157 conduntur
1670 1106 1733 1159 in
1756 1105 1900 1160 alvo.
2009 1121 2026 1180 ι

415 1187 541 1241 Heu
565 1186 708 1240 nihil
730 1187 920 1241 invitis
945 1189 1030 1242 fas
1057 1207 1388 1260 quemquam
1413 1191 1585 1247 fidere
1608 1191 1780 1247 divis!

344 1273 486 1328 Ecce
510 1274 836 1329 trahebatur
858 1276 1034 1343 passis
1056 1276 1335 1332 Priameia
1356 1280 1518 1347 virgo

347 1361 607 1415 Crinibus
630 1377 664 1415 a
686 1360 899 1429 templo
924 1362 1234 1419 Cassandra
1257 1365 1546 1435 adytisque
1569 1367 1868 1436 Minervae,

346 1449 434 1501 Ad
461 1448 675 1502 caelum
699 1448 934 1503 tendens
958 1450 1212 1505 ardentia
1232 1452 1445 1506 lumina
1467 1454 1769 1523 frustra,—
2277 1459 2381 1509 405

344 1535 595 1601 Lumina,
621 1552 752 1590 nam
775 1541 995 1592 teneras
1021 1539 1285 1593 arcebant
1309 1541 1532 1594 vincula
1553 1537 1779 1609 palmas.
2376 1544 2395 1552 “

345 1622 475 1677 Non
499 1623 630 1677 tulit
654 1623 801 1678 hanc
824 1626 1067 1694 speciem
1090 1626 1294 1681 furiata
1315 1633 1502 1681 mente
1527 1628 1828 1697 Coroebus,

343 1709 417 1764 Et
438 1726 559 1764 sese
581 1710 830 1764 medium
852 1712 1045 1767 iniecit
1066 1713 1351 1781 periturus
1373 1715 1433 1767 in
1458 1730 1674 1783 agmen.

346 1797 747 1866 Consequimur
771 1800 959 1854 cuncti
981 1809 1040 1855 et
1062 1800 1246 1854 densis
1269 1801 1602 1855 incurrimus
1628 1804 1812 1859 armis,

259 1899 265 1905 ·
345 1884 451 1939 Hic
474 1885 717 1953 primum
743 1902 813 1941 ex
838 1885 954 1940 alte
974 1886 1193 1940 delubri
1216 1888 1455 1941 culmine
1479 1888 1606 1941 telis
2276 1894 2382 1944 410

344 1972 677 2028 Nostrorum
704 1974 1003 2042 obruimur,
1032 1974 1319 2042 oriturque
1338 1975 1647 2029 miserrima
1670 1977 1866 2031 caedes

342 2059 645 2114 Armorum
670 2061 809 2115 facie
833 2065 890 2114 et
914 2061 1204 2115 Graiarum
1228 2077 1418 2115 errore
1439 2063 1713 2116 iubarum.

238 2209 253 2216 ‚
343 2145 481 2199 Tum
504 2147 687 2214 Danai
713 2147 921 2224 gemitu
952 2153 1119 2216 atque
1143 2154 1372 2217 ereptae
1393 2150 1623 2217 virginis
1645 2151 1730 2205 ira

342 2233 600 2305 Undique
625 2237 840 2292 collecti
865 2236 1149 2303 invadunt,
1179 2236 1480 2290 acerrimus
1503 2237 1663 2305 Aiax,

342 2320 416 2375 Et
440 2324 647 2392 gemini
674 2325 920 2394 Atridae,
949 2324 1338 2393 Dolopumque
1363 2325 1639 2378 exercitus
1662 2327 1871 2380 omnis:
2275 2329 2380 2379 415

343 2408 430 2461 Ad
438 2412 582 2464 versi
603 2417 773 2480 rupto
797 2429 899 2466 ceu
923 2411 1197 2481 quondam
1223 2411 1446 2465 turbine
1470 2411 1624 2465 venti

342 2495 677 2567 Conffignnt,
704 2499 1100 2569 Zephyrusque
1126 2480 1417 2567 Notusque
1442 2502 1499 2551 et
1520 2498 1699 2551 laetus
1721 2497 1854 2553 Eois

340 2582 520 2639 Eurus
544 2587 731 2655 equis3
772 2586 1014 2640 stridunt
1038 2587 1222 2654 silvae,
1254 2586 1539 2654 saevitque
1562 2585 1792 2639 tridenti

318 2671 610 2741 ·Spumeus
634 2679 801 2742 atque
826 2674 940 2727 imo
964 2673 1181 2727 Nereus
1203 2674 1314 2727 ciet
1337 2689 1578 2742 aequora
1599 2672 1792 2729 fundo,

341 2756 427 2810 Illi
453 2760 636 2827 etiam,
665 2760 712 2813 si
738 2776 875 2828 quos
899 2761 1133 2815 obscura
1155 2766 1325 2814 nocte
1346 2777 1450 2829 per
1474 2760 1725 2814 umbram
2269 2764 2375 2814 420

339 2843 599 2900 Fudimus
621 2846 837 2901 insidiis
861 2852 1088 2916 totaque
1112 2849 1440 2915 agitavimus
1461 2848 1615 2916 urbe,

338 2932 661 3001 Apparent3
702 2935 870 3003 primi
895 2935 1101 3003 clipeos
1123 2936 1469 3003 mentitaque
1491 2933 1606 2989 tela

339 3018 683 3087 Agnoscunt,
712 3026 878 3090 atque
903 3037 1003 3075 ora
1024 3037 1164 3075 sono
1188 3021 1465 3075 discordia
1488 3022 1721 3089 signant.

338 3104 495 3163 llicet
521 3108 811 3162 obruimur
834 3124 1094 3177 numer03
1135 3109 1452 3177 primusque
1478 3108 1760 3164 Coroebus

337 3192 558 3249 Penelei
583 3195 784 3250 dextra
806 3195 968 3250 divae
992 3196 1376 3265 armipotentis
1400 3197 1471 3249 ad
1494 3211 1648 3249 aram
2265 3198 2370 3249 425

337 3279 691 3349 Procumbit3
734 3281 884 3335 cadit
907 3287 965 3336 et
989 3281 1249 3351 Ripheus,
1277 3282 1610 3335 iustissimus
1635 3298 1777 3336 unus

337 3364 443 3432 Q
466 3368 578 3421 fuit
603 3368 661 3421 in
687 3365 913 3422 Teucris
937 3373 994 3422 et
1018 3368 1462 3423 servantissimus
1488 3369 1675 3438 aequi3

332 3447 439 3508 st
456 3453 622 3508 aliter
646 3455 858 3522 visum3
907 3461 1143 3523 pereunt
1189 3456 1548 3524 Hypanisque
1572 3454 1892 3523 Dymasque
1987 3475 1996 3482 ·

332 3535 555 3598 Μή
578 3558 614 3596 a
635 3542 830 3610 sociis3
870 3558 974 3597 nee
996 3547 1057 3597 te
1077 3547 1175 3597 tua
1196 3542 1453 3611 plurima,
1481 3540 1717 3609 Panthu,

190 3805 241 3824 -..
254 3759 367 3886 ‘fii-'i-
392 3823 403 3832 ,
426 3855 447 3872 ³
