<?xml version="1.0" encoding="UTF-8"?>
<!DOCTYPE html PUBLIC "-//W3C//DTD XHTML 1.0 Transitional//EN"
    "http://www.w3.org/TR/xhtml1/DTD/xhtml1-transitional.dtd">
<html xmlns="http://www.w3.org/1999/xhtml" xml:lang="en" lang="en">
 <head>
  <title>
</title>
<meta http-equiv="Content-Type" content="text/html;charset=utf-8" />
  <meta name='ocr-system' content='tesseract 3.04.00' />
  <meta name='ocr-capabilities' content='ocr_page ocr_carea ocr_par ocr_line ocrx_word'/>
</head>
<body>
  <div class='ocr_page' id='page_1' title='image "./bucolicsandfirs00friegoog_0226.png"; bbox 0 0 2725 3917; ppageno 0'>
   <div class='ocr_carea' id='block_1_1' title="bbox 1028 245 1841 296">
    <p class='ocr_par' dir='ltr' id='par_1_1' title="bbox 1028 245 1841 296">
     <span class='ocr_line' id='line_1_1' title="bbox 1028 245 1841 296; baseline 0 -1"><span class='ocrx_word' id='word_1_1' title='bbox 1028 246 1304 296; x_wconf 81' lang='lat' dir='ltr'>VERGILI</span> <span class='ocrx_word' id='word_1_2' title='bbox 1348 246 1678 295; x_wconf 81' lang='lat' dir='ltr'>AENEIDOS</span> <span class='ocrx_word' id='word_1_3' title='bbox 1722 245 1841 295; x_wconf 81' lang='lat' dir='ltr'>vn.</span> 
     </span>
    </p>
   </div>
   <div class='ocr_carea' id='block_1_2' title="bbox 414 403 2037 3594">
    <p class='ocr_par' dir='ltr' id='par_1_2' title="bbox 418 403 1816 474">
     <span class='ocr_line' id='line_1_2' title="bbox 418 403 1816 474; baseline 0.001 -17"><span class='ocrx_word' id='word_1_4' title='bbox 418 403 653 473; x_wconf 87' lang='lat' dir='ltr'>Mollius,</span> <span class='ocrx_word' id='word_1_5' title='bbox 682 409 739 458; x_wconf 91' lang='lat' dir='ltr'>et</span> <span class='ocrx_word' id='word_1_6' title='bbox 763 405 925 458; x_wconf 88' lang='lat' dir='ltr'>solito</span> <span class='ocrx_word' id='word_1_7' title='bbox 950 409 1185 458; x_wconf 86' lang='lat' dir='ltr'>matrum</span> <span class='ocrx_word' id='word_1_8' title='bbox 1214 405 1281 458; x_wconf 87' lang='lat' dir='ltr'>de</span> <span class='ocrx_word' id='word_1_9' title='bbox 1306 422 1477 474; x_wconf 90' lang='lat' dir='ltr'>more,</span> <span class='ocrx_word' id='word_1_10' title='bbox 1506 405 1694 459; x_wconf 89' lang='lat' dir='ltr'>locuta</span> <span class='ocrx_word' id='word_1_11' title='bbox 1718 411 1816 474; x_wconf 90' lang='lat' dir='ltr'>est,</span> 
     </span>
    </p>

    <p class='ocr_par' dir='ltr' id='par_1_3' title="bbox 416 490 2026 561">
     <span class='ocr_line' id='line_1_3' title="bbox 416 490 2026 561; baseline 0.001 -18"><span class='ocrx_word' id='word_1_12' title='bbox 416 490 595 543; x_wconf 88' lang='lat' dir='ltr'>Multa</span> <span class='ocrx_word' id='word_1_13' title='bbox 618 507 781 559; x_wconf 86' lang='lat' dir='ltr'>super</span> <span class='ocrx_word' id='word_1_14' title='bbox 805 496 938 544; x_wconf 90' lang='lat' dir='ltr'>nata</span> <span class='ocrx_word' id='word_1_15' title='bbox 960 491 1257 545; x_wconf 87' lang='lat' dir='ltr'>lacrimans</span> <span class='ocrx_word' id='word_1_16' title='bbox 1280 492 1648 561; x_wconf 82' lang='lat' dir='ltr'>Phrygiisque</span> <span class='ocrx_word' id='word_1_17' title='bbox 1675 492 2026 559; x_wconf 79' lang='lat' dir='ltr'>hymenaeis:</span> 
     </span>
    </p>

    <p class='ocr_par' dir='ltr' id='par_1_4' title="bbox 421 577 1822 647">
     <span class='ocr_line' id='line_1_4' title="bbox 421 577 1822 647; baseline 0.001 -18"><span class='ocrx_word' id='word_1_18' title='bbox 421 579 452 606; x_wconf 93' lang='lat'><strong>“</strong></span> <span class='ocrx_word' id='word_1_19' title='bbox 471 577 839 631; x_wconf 86' lang='lat' dir='ltr'>Exsulibusne</span> <span class='ocrx_word' id='word_1_20' title='bbox 864 578 1026 631; x_wconf 89' lang='lat' dir='ltr'>datur</span> <span class='ocrx_word' id='word_1_21' title='bbox 1052 578 1304 646; x_wconf 82' lang='lat' dir='ltr'>ducenda</span> <span class='ocrx_word' id='word_1_22' title='bbox 1327 578 1560 632; x_wconf 86' lang='lat' dir='ltr'>Lavinia</span> <span class='ocrx_word' id='word_1_23' title='bbox 1583 579 1822 647; x_wconf 89' lang='lat' dir='ltr'>Teucris,</span> 
     </span>
    </p>

    <p class='ocr_par' dir='ltr' id='par_1_5' title="bbox 418 663 1758 734">
     <span class='ocr_line' id='line_1_5' title="bbox 418 663 1758 734; baseline 0.001 -18"><span class='ocrx_word' id='word_1_24' title='bbox 418 663 465 716; x_wconf 95' lang='lat' dir='ltr'>O</span> <span class='ocrx_word' id='word_1_25' title='bbox 493 665 744 732; x_wconf 74' lang='lat' dir='ltr'>genitor?</span> <span class='ocrx_word' id='word_1_26' title='bbox 782 681 884 718; x_wconf 89' lang='lat' dir='ltr'>nec</span> <span class='ocrx_word' id='word_1_27' title='bbox 909 669 966 717; x_wconf 85' lang='lat' dir='ltr'>te</span> <span class='ocrx_word' id='word_1_28' title='bbox 989 665 1213 718; x_wconf 81' lang='lat' dir='ltr'><strong>miseret</strong></span> <span class='ocrx_word' id='word_1_29' title='bbox 1238 670 1509 733; x_wconf 85' lang='lat' dir='ltr'>nataeque</span> <span class='ocrx_word' id='word_1_30' title='bbox 1535 665 1758 734; x_wconf 66' lang='lat' dir='ltr'>tuique?</span> 
     </span>
    </p>

    <p class='ocr_par' dir='ltr' id='par_1_6' title="bbox 415 750 1992 822">
     <span class='ocr_line' id='line_1_6' title="bbox 415 750 1992 822; baseline 0.001 -19"><span class='ocrx_word' id='word_1_31' title='bbox 415 750 536 805; x_wconf 87' lang='lat' dir='ltr'>Nec</span> <span class='ocrx_word' id='word_1_32' title='bbox 560 753 753 805; x_wconf 87' lang='lat' dir='ltr'>matris</span> <span class='ocrx_word' id='word_1_33' title='bbox 775 752 1012 819; x_wconf 81' lang='lat' dir='ltr'>miseret,</span> <span class='ocrx_word' id='word_1_34' title='bbox 1043 768 1207 821; x_wconf 87' lang='lat' dir='ltr'>quam</span> <span class='ocrx_word' id='word_1_35' title='bbox 1231 753 1411 821; x_wconf 86' lang='lat' dir='ltr'>primo</span> <span class='ocrx_word' id='word_1_36' title='bbox 1437 752 1691 821; x_wconf 87' lang='lat' dir='ltr'>aquilone</span> <span class='ocrx_word' id='word_1_37' title='bbox 1714 752 1992 822; x_wconf 78' lang='lat' dir='ltr'><strong>relinquet</strong></span> 
     </span>
    </p>

    <p class='ocr_par' dir='ltr' id='par_1_7' title="bbox 416 837 1833 907">
     <span class='ocr_line' id='line_1_7' title="bbox 416 837 1833 907; baseline 0.001 -17"><span class='ocrx_word' id='word_1_38' title='bbox 416 837 682 904; x_wconf 87' lang='lat' dir='ltr'>Perfidus,</span> <span class='ocrx_word' id='word_1_39' title='bbox 712 838 824 891; x_wconf 87' lang='lat' dir='ltr'>alta</span> <span class='ocrx_word' id='word_1_40' title='bbox 848 843 1043 906; x_wconf 87' lang='lat' dir='ltr'>petens</span> <span class='ocrx_word' id='word_1_41' title='bbox 1069 839 1307 893; x_wconf 89' lang='lat' dir='ltr'>abducta</span> <span class='ocrx_word' id='word_1_42' title='bbox 1332 839 1562 907; x_wconf 83' lang='lat' dir='ltr'>virgine,</span> <span class='ocrx_word' id='word_1_43' title='bbox 1592 838 1833 907; x_wconf 71' lang='lat' dir='ltr'>praedo?</span> 
     </span>
    </p>

    <p class='ocr_par' dir='ltr' id='par_1_8' title="bbox 421 924 1971 994">
     <span class='ocr_line' id='line_1_8' title="bbox 421 924 1971 994; baseline -0.001 -16"><span class='ocrx_word' id='word_1_44' title='bbox 421 924 499 978; x_wconf 88' lang='lat' dir='ltr'>At</span> <span class='ocrx_word' id='word_1_45' title='bbox 521 941 636 978; x_wconf 91' lang='lat' dir='ltr'>non</span> <span class='ocrx_word' id='word_1_46' title='bbox 660 924 739 978; x_wconf 88' lang='lat' dir='ltr'>sic</span> <span class='ocrx_word' id='word_1_47' title='bbox 763 924 1037 993; x_wconf 83' lang='lat' dir='ltr'>Phrygius</span> <span class='ocrx_word' id='word_1_48' title='bbox 1062 930 1318 993; x_wconf 86' lang='lat' dir='ltr'>penetrat</span> <span class='ocrx_word' id='word_1_49' title='bbox 1341 925 1758 979; x_wconf 75' lang='lat' dir='ltr'>Lacedaemona</span> <span class='ocrx_word' id='word_1_50' title='bbox 1779 930 1971 994; x_wconf 88' lang='lat' dir='ltr'>pastor</span> 
     </span>
    </p>

    <p class='ocr_par' dir='ltr' id='par_1_9' title="bbox 416 1012 1876 1081">
     <span class='ocr_line' id='line_1_9' title="bbox 416 1012 1876 1081; baseline 0 -16"><span class='ocrx_word' id='word_1_51' title='bbox 416 1012 793 1081; x_wconf 82' lang='lat' dir='ltr'>Ledaeamque</span> <span class='ocrx_word' id='word_1_52' title='bbox 817 1012 1088 1065; x_wconf 89' lang='lat' dir='ltr'>Helenam</span> <span class='ocrx_word' id='word_1_53' title='bbox 1114 1012 1381 1066; x_wconf 87' lang='lat' dir='ltr'>Troianas</span> <span class='ocrx_word' id='word_1_54' title='bbox 1407 1013 1559 1066; x_wconf 84' lang='lat' dir='ltr'>vexit</span> <span class='ocrx_word' id='word_1_55' title='bbox 1585 1014 1656 1067; x_wconf 88' lang='lat' dir='ltr'>ad</span> <span class='ocrx_word' id='word_1_56' title='bbox 1682 1014 1876 1066; x_wconf 69' lang='lat' dir='ltr'>urbes?</span> 
     </span>
    </p>

    <p class='ocr_par' dir='ltr' id='par_1_10' title="bbox 418 1098 1924 1169">
     <span class='ocr_line' id='line_1_10' title="bbox 418 1098 1924 1169; baseline -0.001 -16"><span class='ocrx_word' id='word_1_57' title='bbox 418 1099 563 1164; x_wconf 81' lang='lat' dir='ltr'>Quid</span> <span class='ocrx_word' id='word_1_58' title='bbox 588 1104 681 1153; x_wconf 89' lang='lat' dir='ltr'>tua</span> <span class='ocrx_word' id='word_1_59' title='bbox 706 1104 894 1152; x_wconf 88' lang='lat' dir='ltr'>sancta</span> <span class='ocrx_word' id='word_1_60' title='bbox 916 1098 1093 1152; x_wconf 67' lang='lat' dir='ltr'>fides?</span> <span class='ocrx_word' id='word_1_61' title='bbox 1133 1099 1265 1168; x_wconf 89' lang='lat' dir='ltr'>quid</span> <span class='ocrx_word' id='word_1_62' title='bbox 1291 1116 1425 1153; x_wconf 89' lang='lat' dir='ltr'>cura</span> <span class='ocrx_word' id='word_1_63' title='bbox 1449 1101 1675 1169; x_wconf 89' lang='lat' dir='ltr'>antiqua</span> <span class='ocrx_word' id='word_1_64' title='bbox 1699 1107 1924 1153; x_wconf 89' lang='lat' dir='ltr'>tuorum</span> 
     </span>
    </p>

    <p class='ocr_par' dir='ltr' id='par_1_11' title="bbox 414 1186 1807 1254">
     <span class='ocr_line' id='line_1_11' title="bbox 414 1186 1807 1254; baseline 0 -15"><span class='ocrx_word' id='word_1_65' title='bbox 414 1187 489 1239; x_wconf 91' lang='lat' dir='ltr'>Et</span> <span class='ocrx_word' id='word_1_66' title='bbox 514 1186 917 1254; x_wconf 84' lang='lat' dir='ltr'>consanguineo</span> <span class='ocrx_word' id='word_1_67' title='bbox 944 1187 1147 1240; x_wconf 86' lang='lat' dir='ltr'>totiens</span> <span class='ocrx_word' id='word_1_68' title='bbox 1173 1187 1304 1240; x_wconf 84' lang='lat' dir='ltr'>data</span> <span class='ocrx_word' id='word_1_69' title='bbox 1329 1188 1559 1241; x_wconf 87' lang='lat' dir='ltr'>dextera</span> <span class='ocrx_word' id='word_1_70' title='bbox 1585 1187 1807 1240; x_wconf 62' lang='lat' dir='ltr'>Turno?</span> 
     </span>
    </p>

    <p class='ocr_par' dir='ltr' id='par_1_12' title="bbox 417 1273 1690 1342">
     <span class='ocr_line' id='line_1_12' title="bbox 417 1273 1690 1342; baseline 0 -16"><span class='ocrx_word' id='word_1_71' title='bbox 417 1273 477 1326; x_wconf 86' lang='lat' dir='ltr'>Si</span> <span class='ocrx_word' id='word_1_72' title='bbox 500 1289 667 1340; x_wconf 89' lang='lat' dir='ltr'>gener</span> <span class='ocrx_word' id='word_1_73' title='bbox 693 1277 924 1325; x_wconf 84' lang='lat' dir='ltr'>externa</span> <span class='ocrx_word' id='word_1_74' title='bbox 948 1274 1157 1340; x_wconf 86' lang='lat' dir='ltr'>petitur</span> <span class='ocrx_word' id='word_1_75' title='bbox 1182 1273 1251 1326; x_wconf 89' lang='lat' dir='ltr'>de</span> <span class='ocrx_word' id='word_1_76' title='bbox 1275 1281 1439 1341; x_wconf 89' lang='lat' dir='ltr'>gente</span> <span class='ocrx_word' id='word_1_77' title='bbox 1464 1273 1690 1342; x_wconf 89' lang='lat' dir='ltr'>Latinis,</span> 
     </span>
    </p>

    <p class='ocr_par' dir='ltr' id='par_1_13' title="bbox 415 1358 1917 1430">
     <span class='ocr_line' id='line_1_13' title="bbox 415 1358 1917 1430; baseline 0.002 -19"><span class='ocrx_word' id='word_1_78' title='bbox 415 1358 588 1428; x_wconf 91' lang='lat' dir='ltr'>quue</span> <span class='ocrx_word' id='word_1_79' title='bbox 614 1359 783 1426; x_wconf 90' lang='lat' dir='ltr'>sedet,</span> <span class='ocrx_word' id='word_1_80' title='bbox 812 1358 1095 1428; x_wconf 87' lang='lat' dir='ltr'>Faunique</span> <span class='ocrx_word' id='word_1_81' title='bbox 1122 1365 1382 1428; x_wconf 86' lang='lat' dir='ltr'>premunt</span> <span class='ocrx_word' id='word_1_82' title='bbox 1408 1366 1464 1414; x_wconf 86' lang='lat' dir='ltr'>te</span> <span class='ocrx_word' id='word_1_83' title='bbox 1486 1362 1633 1414; x_wconf 90' lang='lat' dir='ltr'>iussa</span> <span class='ocrx_word' id='word_1_84' title='bbox 1656 1361 1917 1430; x_wconf 88' lang='lat' dir='ltr'>parentis,</span> 
     </span>
    </p>

    <p class='ocr_par' dir='ltr' id='par_1_14' title="bbox 419 1445 2031 1516">
     <span class='ocr_line' id='line_1_14' title="bbox 419 1445 2031 1516; baseline 0.002 -19"><span class='ocrx_word' id='word_1_85' title='bbox 419 1445 653 1498; x_wconf 91' lang='lat' dir='ltr'>Omnem</span> <span class='ocrx_word' id='word_1_86' title='bbox 680 1446 931 1514; x_wconf 88' lang='lat' dir='ltr'>equidem</span> <span class='ocrx_word' id='word_1_87' title='bbox 959 1447 1187 1515; x_wconf 80' lang='lat' dir='ltr'>sceptris</span> <span class='ocrx_word' id='word_1_88' title='bbox 1212 1453 1437 1514; x_wconf 88' lang='lat' dir='ltr'>terram,</span> <span class='ocrx_word' id='word_1_89' title='bbox 1468 1465 1605 1516; x_wconf 91' lang='lat' dir='ltr'>quae</span> <span class='ocrx_word' id='word_1_90' title='bbox 1629 1448 1804 1501; x_wconf 90' lang='lat' dir='ltr'>libera</span> <span class='ocrx_word' id='word_1_91' title='bbox 1827 1448 2031 1501; x_wconf 83' lang='lat' dir='ltr'>nostris</span> 
     </span>
    </p>

    <p class='ocr_par' dir='ltr' id='par_1_15' title="bbox 415 1532 1756 1602">
     <span class='ocr_line' id='line_1_15' title="bbox 415 1532 1756 1602; baseline 0.002 -17"><span class='ocrx_word' id='word_1_92' title='bbox 415 1532 677 1600; x_wconf 82' lang='lat' dir='ltr'>Dissidet,</span> <span class='ocrx_word' id='word_1_93' title='bbox 706 1537 993 1585; x_wconf 83' lang='lat' dir='ltr'>externam</span> <span class='ocrx_word' id='word_1_94' title='bbox 1019 1549 1157 1602; x_wconf 90' lang='lat' dir='ltr'>reor,</span> <span class='ocrx_word' id='word_1_95' title='bbox 1188 1539 1244 1587; x_wconf 92' lang='lat' dir='ltr'>et</span> <span class='ocrx_word' id='word_1_96' title='bbox 1269 1535 1347 1587; x_wconf 88' lang='lat' dir='ltr'>sic</span> <span class='ocrx_word' id='word_1_97' title='bbox 1371 1534 1554 1588; x_wconf 84' lang='lat' dir='ltr'>dicere</span> <span class='ocrx_word' id='word_1_98' title='bbox 1580 1534 1756 1588; x_wconf 78' lang='lat' dir='ltr'>divos,</span> 
     </span>
    </p>

    <p class='ocr_par' dir='ltr' id='par_1_16' title="bbox 416 1618 1724 1689">
     <span class='ocr_line' id='line_1_16' title="bbox 416 1618 1724 1689; baseline 0.002 -18"><span class='ocrx_word' id='word_1_99' title='bbox 416 1619 491 1672; x_wconf 89' lang='lat' dir='ltr'>Et</span> <span class='ocrx_word' id='word_1_100' title='bbox 515 1618 714 1687; x_wconf 90' lang='lat' dir='ltr'>Turn0,</span> <span class='ocrx_word' id='word_1_101' title='bbox 745 1619 791 1672; x_wconf 87' lang='lat' dir='ltr'>si</span> <span class='ocrx_word' id='word_1_102' title='bbox 816 1619 997 1686; x_wconf 90' lang='lat' dir='ltr'>prima</span> <span class='ocrx_word' id='word_1_103' title='bbox 1021 1619 1217 1673; x_wconf 90' lang='lat' dir='ltr'>domus</span> <span class='ocrx_word' id='word_1_104' title='bbox 1241 1625 1526 1689; x_wconf 88' lang='lat' dir='ltr'>repetatur</span> <span class='ocrx_word' id='word_1_105' title='bbox 1552 1620 1724 1689; x_wconf 89' lang='lat' dir='ltr'>origo,</span> 
     </span>
    </p>

    <p class='ocr_par' dir='ltr' id='par_1_17' title="bbox 416 1705 1939 1862">
     <span class='ocr_line' id='line_1_17' title="bbox 416 1705 1939 1775; baseline 0.001 -17"><span class='ocrx_word' id='word_1_106' title='bbox 416 1705 656 1759; x_wconf 88' lang='lat' dir='ltr'>Inachus</span> <span class='ocrx_word' id='word_1_107' title='bbox 682 1706 1035 1773; x_wconf 86' lang='lat' dir='ltr'>Acrisiusque</span> <span class='ocrx_word' id='word_1_108' title='bbox 1060 1710 1247 1774; x_wconf 89' lang='lat' dir='ltr'>patres</span> <span class='ocrx_word' id='word_1_109' title='bbox 1270 1706 1593 1775; x_wconf 88' lang='lat' dir='ltr'>mediaeque</span> <span class='ocrx_word' id='word_1_110' title='bbox 1618 1707 1939 1773; x_wconf 82' lang='lat' dir='ltr'>Mycenae.”</span> 
     </span>
     <span class='ocr_line' id='line_1_18' title="bbox 488 1793 1783 1862; baseline 0.001 -17"><span class='ocrx_word' id='word_1_111' title='bbox 488 1793 590 1846; x_wconf 89' lang='lat' dir='ltr'>His</span> <span class='ocrx_word' id='word_1_112' title='bbox 615 1793 709 1846; x_wconf 92' lang='lat' dir='ltr'>ubi</span> <span class='ocrx_word' id='word_1_113' title='bbox 734 1793 1064 1862; x_wconf 88' lang='lat' dir='ltr'>nequiquam</span> <span class='ocrx_word' id='word_1_114' title='bbox 1090 1794 1252 1847; x_wconf 89' lang='lat' dir='ltr'>dictis</span> <span class='ocrx_word' id='word_1_115' title='bbox 1276 1800 1504 1861; x_wconf 86' lang='lat' dir='ltr'>experta</span> <span class='ocrx_word' id='word_1_116' title='bbox 1526 1793 1783 1847; x_wconf 88' lang='lat' dir='ltr'>Latinum</span> 
     </span>
    </p>

    <p class='ocr_par' dir='ltr' id='par_1_18' title="bbox 419 1879 1916 1950">
     <span class='ocr_line' id='line_1_19' title="bbox 419 1879 1916 1950; baseline 0 -17"><span class='ocrx_word' id='word_1_117' title='bbox 419 1879 631 1933; x_wconf 79' lang='lat' dir='ltr'>Contra</span> <span class='ocrx_word' id='word_1_118' title='bbox 656 1885 800 1935; x_wconf 84' lang='lat' dir='ltr'>stare</span> <span class='ocrx_word' id='word_1_119' title='bbox 825 1881 993 1948; x_wconf 82' lang='lat' dir='ltr'>videt,</span> <span class='ocrx_word' id='word_1_120' title='bbox 1025 1881 1355 1950; x_wconf 89' lang='lat' dir='ltr'>penitusque</span> <span class='ocrx_word' id='word_1_121' title='bbox 1383 1881 1440 1934; x_wconf 90' lang='lat' dir='ltr'>in</span> <span class='ocrx_word' id='word_1_122' title='bbox 1467 1881 1678 1935; x_wconf 89' lang='lat' dir='ltr'>viscera</span> <span class='ocrx_word' id='word_1_123' title='bbox 1701 1881 1916 1949; x_wconf 86' lang='lat' dir='ltr'>lapsum</span> 
     </span>
    </p>

    <p class='ocr_par' dir='ltr' id='par_1_19' title="bbox 418 1967 1764 2037">
     <span class='ocr_line' id='line_1_20' title="bbox 418 1967 1764 2037; baseline 0 -17"><span class='ocrx_word' id='word_1_124' title='bbox 418 1967 701 2036; x_wconf 84' lang='lat' dir='ltr'>Serpentis</span> <span class='ocrx_word' id='word_1_125' title='bbox 725 1968 917 2021; x_wconf 86' lang='lat' dir='ltr'>furiale</span> <span class='ocrx_word' id='word_1_126' title='bbox 942 1968 1166 2036; x_wconf 91' lang='lat' dir='ltr'>malum,</span> <span class='ocrx_word' id='word_1_127' title='bbox 1193 1974 1476 2037; x_wconf 89' lang='lat' dir='ltr'>totamque</span> <span class='ocrx_word' id='word_1_128' title='bbox 1500 1971 1764 2037; x_wconf 84' lang='lat' dir='ltr'>pererrat,</span> 
     </span>
    </p>

    <p class='ocr_par' dir='ltr' id='par_1_20' title="bbox 417 2054 1805 2123">
     <span class='ocr_line' id='line_1_21' title="bbox 417 2054 1805 2123; baseline 0 -17"><span class='ocrx_word' id='word_1_129' title='bbox 417 2054 555 2107; x_wconf 89' lang='lat' dir='ltr'>Tum</span> <span class='ocrx_word' id='word_1_130' title='bbox 581 2070 715 2107; x_wconf 87' lang='lat' dir='ltr'>vero</span> <span class='ocrx_word' id='word_1_131' title='bbox 740 2054 950 2122; x_wconf 74' lang='lat' dir='ltr'>infeliX,</span> <span class='ocrx_word' id='word_1_132' title='bbox 977 2054 1298 2123; x_wconf 87' lang='lat' dir='ltr'>ingentibus</span> <span class='ocrx_word' id='word_1_133' title='bbox 1324 2054 1805 2120; x_wconf 77' lang='lat' dir='ltr'>excita&#39;monstris,</span> 
     </span>
    </p>

    <p class='ocr_par' dir='ltr' id='par_1_21' title="bbox 417 2139 1919 2209">
     <span class='ocr_line' id='line_1_22' title="bbox 417 2139 1919 2209; baseline 0 -17"><span class='ocrx_word' id='word_1_134' title='bbox 417 2139 751 2192; x_wconf 89' lang='lat' dir='ltr'>Immensam</span> <span class='ocrx_word' id='word_1_135' title='bbox 777 2140 893 2192; x_wconf 90' lang='lat' dir='ltr'>sine</span> <span class='ocrx_word' id='word_1_136' title='bbox 918 2156 1072 2194; x_wconf 89' lang='lat' dir='ltr'>more</span> <span class='ocrx_word' id='word_1_137' title='bbox 1098 2140 1236 2192; x_wconf 85' lang='lat' dir='ltr'>furit</span> <span class='ocrx_word' id='word_1_138' title='bbox 1257 2140 1547 2209; x_wconf 83' lang='lat' dir='ltr'>lymphata</span> <span class='ocrx_word' id='word_1_139' title='bbox 1568 2157 1668 2209; x_wconf 90' lang='lat' dir='ltr'>per</span> <span class='ocrx_word' id='word_1_140' title='bbox 1691 2141 1884 2193; x_wconf 88' lang='lat' dir='ltr'>urbem</span> <span class='ocrx_word' id='word_1_141' title='bbox 1906 2159 1919 2193; x_wconf 73' lang='grc' dir='ltr'><em>τ</em></span> 
     </span>
    </p>

    <p class='ocr_par' dir='ltr' id='par_1_22' title="bbox 419 2225 1868 2294">
     <span class='ocr_line' id='line_1_23' title="bbox 419 2225 1868 2294; baseline 0.001 -16"><span class='ocrx_word' id='word_1_142' title='bbox 419 2225 533 2278; x_wconf 86' lang='lat' dir='ltr'>Ceu</span> <span class='ocrx_word' id='word_1_143' title='bbox 560 2225 838 2294; x_wconf 89' lang='lat' dir='ltr'>quondam</span> <span class='ocrx_word' id='word_1_144' title='bbox 861 2229 1014 2278; x_wconf 91' lang='lat' dir='ltr'>torto</span> <span class='ocrx_word' id='word_1_145' title='bbox 1040 2225 1278 2279; x_wconf 84' lang='lat' dir='ltr'>volitans</span> <span class='ocrx_word' id='word_1_146' title='bbox 1302 2227 1405 2279; x_wconf 91' lang='lat' dir='ltr'>sub</span> <span class='ocrx_word' id='word_1_147' title='bbox 1431 2228 1661 2281; x_wconf 80' lang='lat' dir='ltr'>verbere</span> <span class='ocrx_word' id='word_1_148' title='bbox 1685 2227 1868 2294; x_wconf 82' lang='lat' dir='ltr'>turbe,</span> 
     </span>
    </p>

    <p class='ocr_par' dir='ltr' id='par_1_23' title="bbox 419 2311 1846 2380">
     <span class='ocr_line' id='line_1_24' title="bbox 419 2311 1846 2380; baseline 0.001 -16"><span class='ocrx_word' id='word_1_149' title='bbox 419 2311 593 2376; x_wconf 81' lang='lat' dir='ltr'>Quem</span> <span class='ocrx_word' id='word_1_150' title='bbox 619 2312 777 2380; x_wconf 91' lang='lat' dir='ltr'>pueri</span> <span class='ocrx_word' id='word_1_151' title='bbox 796 2328 995 2379; x_wconf 88' lang='lat' dir='ltr'>magno</span> <span class='ocrx_word' id='word_1_152' title='bbox 1020 2311 1078 2363; x_wconf 90' lang='lat' dir='ltr'>in</span> <span class='ocrx_word' id='word_1_153' title='bbox 1103 2329 1242 2380; x_wconf 82' lang='lat' dir='ltr'>gyro</span> <span class='ocrx_word' id='word_1_154' title='bbox 1272 2330 1448 2366; x_wconf 84' lang='lat' dir='ltr'>vacua</span> <span class='ocrx_word' id='word_1_155' title='bbox 1473 2314 1614 2367; x_wconf 87' lang='lat' dir='ltr'>atria</span> <span class='ocrx_word' id='word_1_156' title='bbox 1638 2313 1846 2366; x_wconf 88' lang='lat' dir='ltr'>circum</span> 
     </span>
    </p>

    <p class='ocr_par' dir='ltr' id='par_1_24' title="bbox 416 2398 1655 2454">
     <span class='ocr_line' id='line_1_25' title="bbox 416 2398 1655 2454; baseline 0.002 -3"><span class='ocrx_word' id='word_1_157' title='bbox 416 2398 625 2453; x_wconf 88' lang='lat' dir='ltr'>Intenti</span> <span class='ocrx_word' id='word_1_158' title='bbox 649 2399 781 2453; x_wconf 93' lang='lat' dir='ltr'>ludo</span> <span class='ocrx_word' id='word_1_159' title='bbox 808 2399 1231 2454; x_wconf 83' lang='lat' dir='ltr'>exercent—ille</span> <span class='ocrx_word' id='word_1_160' title='bbox 1258 2404 1413 2453; x_wconf 88' lang='lat' dir='ltr'>actus</span> <span class='ocrx_word' id='word_1_161' title='bbox 1439 2399 1655 2453; x_wconf 87' lang='lat' dir='ltr'>habena</span> 
     </span>
    </p>

    <p class='ocr_par' dir='ltr' id='par_1_25' title="bbox 418 2486 1749 2556">
     <span class='ocr_line' id='line_1_26' title="bbox 418 2486 1749 2556; baseline -0.002 -16"><span class='ocrx_word' id='word_1_162' title='bbox 418 2486 677 2541; x_wconf 85' lang='lat' dir='ltr'>Ourvatis</span> <span class='ocrx_word' id='word_1_163' title='bbox 701 2488 882 2541; x_wconf 84' lang='lat' dir='ltr'>fertur</span> <span class='ocrx_word' id='word_1_164' title='bbox 906 2487 1127 2556; x_wconf 84' lang='lat' dir='ltr'>spatiis3</span> <span class='ocrx_word' id='word_1_165' title='bbox 1173 2492 1360 2555; x_wconf 87' lang='lat' dir='ltr'>stupet</span> <span class='ocrx_word' id='word_1_166' title='bbox 1387 2487 1557 2540; x_wconf 90' lang='lat' dir='ltr'>inscia</span> <span class='ocrx_word' id='word_1_167' title='bbox 1581 2503 1749 2554; x_wconf 89' lang='lat' dir='ltr'>supra</span> 
     </span>
    </p>

    <p class='ocr_par' dir='ltr' id='par_1_26' title="bbox 415 2572 1787 2643">
     <span class='ocr_line' id='line_1_27' title="bbox 415 2572 1787 2643; baseline -0.001 -16"><span class='ocrx_word' id='word_1_168' title='bbox 415 2572 782 2643; x_wconf 89' lang='lat' dir='ltr'>Impubesque</span> <span class='ocrx_word' id='word_1_169' title='bbox 806 2591 1016 2643; x_wconf 90' lang='lat' dir='ltr'>manus,</span> <span class='ocrx_word' id='word_1_170' title='bbox 1047 2576 1249 2629; x_wconf 87' lang='lat' dir='ltr'>mirata</span> <span class='ocrx_word' id='word_1_171' title='bbox 1276 2573 1517 2628; x_wconf 85' lang='lat' dir='ltr'>volubile</span> <span class='ocrx_word' id='word_1_172' title='bbox 1542 2574 1750 2627; x_wconf 85' lang='lat' dir='ltr'>buxum</span> <span class='ocrx_word' id='word_1_173' title='bbox 1772 2591 1787 2639; x_wconf 75' lang='grc' dir='ltr'><strong>ς</strong></span> 
     </span>
    </p>

    <p class='ocr_par' dir='ltr' id='par_1_27' title="bbox 415 2659 1806 2729">
     <span class='ocr_line' id='line_1_28' title="bbox 415 2659 1806 2729; baseline 0 -16"><span class='ocrx_word' id='word_1_174' title='bbox 415 2660 568 2714; x_wconf 89' lang='lat' dir='ltr'>Dant</span> <span class='ocrx_word' id='word_1_175' title='bbox 592 2662 807 2714; x_wconf 89' lang='lat' dir='ltr'>animos</span> <span class='ocrx_word' id='word_1_176' title='bbox 830 2661 1020 2729; x_wconf 85' lang='lat' dir='ltr'>plagae</span> <span class='ocrx_word' id='word_1_177' title='bbox 1038 2678 1242 2716; x_wconf 78' lang='lat' dir='ltr'>t—non</span> <span class='ocrx_word' id='word_1_178' title='bbox 1272 2678 1434 2715; x_wconf 86' lang='lat' dir='ltr'>cursu</span> <span class='ocrx_word' id='word_1_179' title='bbox 1463 2660 1682 2728; x_wconf 87' lang='lat' dir='ltr'>segnior</span> <span class='ocrx_word' id='word_1_180' title='bbox 1706 2659 1806 2713; x_wconf 90' lang='lat' dir='ltr'>illo</span> 
     </span>
    </p>

    <p class='ocr_par' dir='ltr' id='par_1_28' title="bbox 415 2748 1764 2819">
     <span class='ocr_line' id='line_1_29' title="bbox 415 2748 1764 2819; baseline 0 -18"><span class='ocrx_word' id='word_1_181' title='bbox 415 2748 525 2801; x_wconf 91' lang='lat' dir='ltr'>Per</span> <span class='ocrx_word' id='word_1_182' title='bbox 548 2751 761 2805; x_wconf 91' lang='lat' dir='ltr'>medias</span> <span class='ocrx_word' id='word_1_183' title='bbox 783 2751 949 2805; x_wconf 87' lang='lat' dir='ltr'>urbes</span> <span class='ocrx_word' id='word_1_184' title='bbox 972 2751 1152 2818; x_wconf 87' lang='lat' dir='ltr'>agitur</span> <span class='ocrx_word' id='word_1_185' title='bbox 1178 2751 1521 2819; x_wconf 88' lang='lat' dir='ltr'>populosque</span> <span class='ocrx_word' id='word_1_186' title='bbox 1549 2748 1764 2802; x_wconf 86' lang='lat' dir='ltr'>ferocis.</span> 
     </span>
    </p>

    <p class='ocr_par' dir='ltr' id='par_1_29' title="bbox 418 2833 1829 2903">
     <span class='ocr_line' id='line_1_30' title="bbox 418 2833 1829 2903; baseline -0.004 -13"><span class='ocrx_word' id='word_1_187' title='bbox 418 2837 567 2902; x_wconf 81' lang='lat' dir='ltr'>Quin</span> <span class='ocrx_word' id='word_1_188' title='bbox 592 2838 757 2890; x_wconf 86' lang='lat' dir='ltr'>etiam</span> <span class='ocrx_word' id='word_1_189' title='bbox 782 2836 840 2889; x_wconf 93' lang='lat' dir='ltr'>in</span> <span class='ocrx_word' id='word_1_190' title='bbox 865 2837 1043 2903; x_wconf 87' lang='lat' dir='ltr'>silvas,</span> <span class='ocrx_word' id='word_1_191' title='bbox 1074 2836 1327 2889; x_wconf 85' lang='lat' dir='ltr'>simulato</span> <span class='ocrx_word' id='word_1_192' title='bbox 1355 2837 1580 2889; x_wconf 89' lang='lat' dir='ltr'>numine</span> <span class='ocrx_word' id='word_1_193' title='bbox 1608 2833 1829 2899; x_wconf 87' lang='lat' dir='ltr'>Bacchi,</span> 
     </span>
    </p>

    <p class='ocr_par' dir='ltr' id='par_1_30' title="bbox 417 2923 1824 2990">
     <span class='ocr_line' id='line_1_31' title="bbox 417 2923 1824 2990; baseline -0.003 -14"><span class='ocrx_word' id='word_1_194' title='bbox 417 2923 596 2977; x_wconf 85' lang='lat' dir='ltr'>Maius</span> <span class='ocrx_word' id='word_1_195' title='bbox 621 2923 815 2976; x_wconf 88' lang='lat' dir='ltr'>adorta</span> <span class='ocrx_word' id='word_1_196' title='bbox 838 2923 992 2976; x_wconf 83' lang='lat' dir='ltr'>nefas</span> <span class='ocrx_word' id='word_1_197' title='bbox 1015 2923 1390 2990; x_wconf 84' lang='lat' dir='ltr'>maioremque</span> <span class='ocrx_word' id='word_1_198' title='bbox 1417 2939 1543 2976; x_wconf 90' lang='lat' dir='ltr'>orsa</span> <span class='ocrx_word' id='word_1_199' title='bbox 1564 2923 1824 2986; x_wconf 84' lang='lat' dir='ltr'>furorem,</span> 
     </span>
    </p>

    <p class='ocr_par' dir='ltr' id='par_1_31' title="bbox 417 3008 1718 3077">
     <span class='ocr_line' id='line_1_32' title="bbox 417 3008 1718 3077; baseline -0.002 -15"><span class='ocrx_word' id='word_1_200' title='bbox 417 3009 630 3077; x_wconf 86' lang='lat' dir='ltr'>Evolat,</span> <span class='ocrx_word' id='word_1_201' title='bbox 661 3014 717 3062; x_wconf 89' lang='lat' dir='ltr'>et</span> <span class='ocrx_word' id='word_1_202' title='bbox 741 3014 925 3062; x_wconf 88' lang='lat' dir='ltr'>natam</span> <span class='ocrx_word' id='word_1_203' title='bbox 952 3009 1223 3063; x_wconf 83' lang='lat' dir='ltr'>frondosis</span> <span class='ocrx_word' id='word_1_204' title='bbox 1248 3010 1530 3062; x_wconf 84' lang='lat' dir='ltr'>montibus</span> <span class='ocrx_word' id='word_1_205' title='bbox 1553 3008 1718 3074; x_wconf 89' lang='lat' dir='ltr'>abdit,</span> 
     </span>
    </p>

    <p class='ocr_par' dir='ltr' id='par_1_32' title="bbox 418 3094 1950 3163">
     <span class='ocr_line' id='line_1_33' title="bbox 418 3094 1950 3163; baseline -0.002 -15"><span class='ocrx_word' id='word_1_206' title='bbox 418 3095 542 3160; x_wconf 80' lang='lat' dir='ltr'>Quo</span> <span class='ocrx_word' id='word_1_207' title='bbox 567 3095 869 3149; x_wconf 87' lang='lat' dir='ltr'>thalamum</span> <span class='ocrx_word' id='word_1_208' title='bbox 897 3094 1094 3163; x_wconf 87' lang='lat' dir='ltr'>eripiat</span> <span class='ocrx_word' id='word_1_209' title='bbox 1119 3095 1341 3149; x_wconf 89' lang='lat' dir='ltr'>Teucris</span> <span class='ocrx_word' id='word_1_210' title='bbox 1367 3095 1664 3163; x_wconf 85' lang='lat' dir='ltr'>taedasque</span> <span class='ocrx_word' id='word_1_211' title='bbox 1689 3097 1950 3160; x_wconf 86' lang='lat' dir='ltr'>moretur,</span> 
     </span>
    </p>

    <p class='ocr_par' dir='ltr' id='par_1_33' title="bbox 422 3180 2037 3248">
     <span class='ocr_line' id='line_1_34' title="bbox 422 3180 2037 3248; baseline -0.002 -12"><span class='ocrx_word' id='word_1_212' title='bbox 422 3182 671 3236; x_wconf 90' lang='lat' dir='ltr'>“Euhoe</span> <span class='ocrx_word' id='word_1_213' title='bbox 696 3180 911 3244; x_wconf 87' lang='lat' dir='ltr'>Bacche</span> <span class='ocrx_word' id='word_1_214' title='bbox 938 3180 970 3208; x_wconf 85' lang='lat'>‘&#39;</span> <span class='ocrx_word' id='word_1_215' title='bbox 995 3181 1253 3248; x_wconf 85' lang='lat' dir='ltr'>fremens,</span> <span class='ocrx_word' id='word_1_216' title='bbox 1284 3181 1462 3234; x_wconf 90' lang='lat' dir='ltr'>solum</span> <span class='ocrx_word' id='word_1_217' title='bbox 1488 3185 1544 3233; x_wconf 87' lang='lat' dir='ltr'>te</span> <span class='ocrx_word' id='word_1_218' title='bbox 1569 3180 1784 3247; x_wconf 85' lang='lat' dir='ltr'>virgine</span> <span class='ocrx_word' id='word_1_219' title='bbox 1810 3180 2037 3247; x_wconf 86' lang='lat' dir='ltr'>dignum</span> 
     </span>
    </p>

    <p class='ocr_par' dir='ltr' id='par_1_34' title="bbox 417 3265 1865 3332">
     <span class='ocr_line' id='line_1_35' title="bbox 417 3265 1865 3332; baseline -0.005 -9"><span class='ocrx_word' id='word_1_220' title='bbox 417 3268 783 3323; x_wconf 82' lang='lat' dir='ltr'>Vociferans:</span> <span class='ocrx_word' id='word_1_221' title='bbox 825 3265 1028 3318; x_wconf 85' lang='lat' dir='ltr'>etenim</span> <span class='ocrx_word' id='word_1_222' title='bbox 1055 3266 1235 3319; x_wconf 87' lang='lat' dir='ltr'>mollis</span> <span class='ocrx_word' id='word_1_223' title='bbox 1261 3266 1361 3320; x_wconf 87' lang='lat' dir='ltr'>tibi</span> <span class='ocrx_word' id='word_1_224' title='bbox 1389 3281 1603 3319; x_wconf 86' lang='lat' dir='ltr'>sumere</span> <span class='ocrx_word' id='word_1_225' title='bbox 1628 3265 1865 3332; x_wconf 83' lang='lat' dir='ltr'>thyrsos,</span> 
     </span>
    </p>

    <p class='ocr_par' dir='ltr' id='par_1_35' title="bbox 418 3350 1841 3422">
     <span class='ocr_line' id='line_1_36' title="bbox 418 3350 1841 3422; baseline -0.004 -12"><span class='ocrx_word' id='word_1_226' title='bbox 418 3357 494 3410; x_wconf 92' lang='lat' dir='ltr'>Te</span> <span class='ocrx_word' id='word_1_227' title='bbox 518 3356 754 3409; x_wconf 89' lang='lat' dir='ltr'>lustrare</span> <span class='ocrx_word' id='word_1_228' title='bbox 780 3353 967 3421; x_wconf 87' lang='lat' dir='ltr'>chor0,</span> <span class='ocrx_word' id='word_1_229' title='bbox 997 3369 1212 3405; x_wconf 89' lang='lat' dir='ltr'>sacrum</span> <span class='ocrx_word' id='word_1_230' title='bbox 1236 3353 1340 3407; x_wconf 87' lang='lat' dir='ltr'>tibi</span> <span class='ocrx_word' id='word_1_231' title='bbox 1365 3369 1590 3422; x_wconf 89' lang='lat' dir='ltr'>pascere</span> <span class='ocrx_word' id='word_1_232' title='bbox 1616 3350 1841 3405; x_wconf 86' lang='lat' dir='ltr'>crinem.</span> 
     </span>
    </p>

    <p class='ocr_par' dir='ltr' id='par_1_36' title="bbox 418 3440 1834 3509">
     <span class='ocr_line' id='line_1_37' title="bbox 418 3440 1834 3509; baseline -0.004 -12"><span class='ocrx_word' id='word_1_233' title='bbox 418 3442 590 3497; x_wconf 89' lang='lat' dir='ltr'>Fama</span> <span class='ocrx_word' id='word_1_234' title='bbox 612 3442 780 3508; x_wconf 89' lang='lat' dir='ltr'>volat,</span> <span class='ocrx_word' id='word_1_235' title='bbox 809 3440 1071 3508; x_wconf 85' lang='lat' dir='ltr'>furiisque</span> <span class='ocrx_word' id='word_1_236' title='bbox 1097 3455 1354 3494; x_wconf 86' lang='lat' dir='ltr'>accensas</span> <span class='ocrx_word' id='word_1_237' title='bbox 1380 3445 1604 3509; x_wconf 88' lang='lat' dir='ltr'>pectore</span> <span class='ocrx_word' id='word_1_238' title='bbox 1629 3443 1834 3491; x_wconf 88' lang='lat' dir='ltr'>matres</span> 
     </span>
    </p>

    <p class='ocr_par' dir='ltr' id='par_1_37' title="bbox 418 3523 1953 3594">
     <span class='ocr_line' id='line_1_38' title="bbox 418 3523 1953 3594; baseline -0.001 -15"><span class='ocrx_word' id='word_1_239' title='bbox 418 3526 574 3581; x_wconf 89' lang='lat' dir='ltr'>Idem</span> <span class='ocrx_word' id='word_1_240' title='bbox 599 3527 777 3580; x_wconf 91' lang='lat' dir='ltr'>omnis</span> <span class='ocrx_word' id='word_1_241' title='bbox 802 3524 964 3577; x_wconf 90' lang='lat' dir='ltr'>simul</span> <span class='ocrx_word' id='word_1_242' title='bbox 989 3523 1155 3578; x_wconf 90' lang='lat' dir='ltr'>ardor</span> <span class='ocrx_word' id='word_1_243' title='bbox 1178 3525 1307 3594; x_wconf 84' lang='lat' dir='ltr'>agit,</span> <span class='ocrx_word' id='word_1_244' title='bbox 1333 3543 1482 3580; x_wconf 84' lang='lat' dir='ltr'>nova</span> <span class='ocrx_word' id='word_1_245' title='bbox 1506 3540 1769 3594; x_wconf 89' lang='lat' dir='ltr'>quaerere</span> <span class='ocrx_word' id='word_1_246' title='bbox 1789 3527 1953 3578; x_wconf 86' lang='lat' dir='ltr'>tecta.</span> 
     </span>
    </p>
   </div>
   <div class='ocr_carea' id='block_1_3' title="bbox 2347 666 2450 716">
    <p class='ocr_par' dir='ltr' id='par_1_38' title="bbox 2347 666 2450 716">
     <span class='ocr_line' id='line_1_39' title="bbox 2347 666 2450 716; baseline 0 0"><span class='ocrx_word' id='word_1_247' title='bbox 2347 666 2450 716; x_wconf 83' lang='lat'>360</span> 
     </span>
    </p>
   </div>
   <div class='ocr_carea' id='block_1_4' title="bbox 2344 1098 2445 1150">
    <p class='ocr_par' dir='ltr' id='par_1_39' title="bbox 2344 1098 2445 1150">
     <span class='ocr_line' id='line_1_40' title="bbox 2344 1098 2445 1150; baseline -0.01 0"><span class='ocrx_word' id='word_1_248' title='bbox 2344 1098 2445 1150; x_wconf 79' lang='lat'>365</span> 
     </span>
    </p>
   </div>
   <div class='ocr_carea' id='block_1_5' title="bbox 2342 1531 2446 1587">
    <p class='ocr_par' dir='ltr' id='par_1_40' title="bbox 2342 1531 2446 1587">
     <span class='ocr_line' id='line_1_41' title="bbox 2342 1531 2446 1587; baseline 0.01 -3"><span class='ocrx_word' id='word_1_249' title='bbox 2342 1531 2446 1587; x_wconf 76' lang='lat'>370</span> 
     </span>
    </p>
   </div>
   <div class='ocr_carea' id='block_1_6' title="bbox 2345 1965 2446 2021">
    <p class='ocr_par' dir='ltr' id='par_1_41' title="bbox 2345 1965 2446 2021">
     <span class='ocr_line' id='line_1_42' title="bbox 2345 1965 2446 2021; baseline 0 -2"><span class='ocrx_word' id='word_1_250' title='bbox 2345 1965 2446 2021; x_wconf 75' lang='lat'>375</span> 
     </span>
    </p>
   </div>
   <div class='ocr_carea' id='block_1_7' title="bbox 2345 2400 2448 2451">
    <p class='ocr_par' dir='ltr' id='par_1_42' title="bbox 2345 2400 2448 2451">
     <span class='ocr_line' id='line_1_43' title="bbox 2345 2400 2448 2451; baseline 0 0"><span class='ocrx_word' id='word_1_251' title='bbox 2345 2400 2448 2451; x_wconf 82' lang='lat'>380</span> 
     </span>
    </p>
   </div>
   <div class='ocr_carea' id='block_1_8' title="bbox 2342 2836 2443 2888">
    <p class='ocr_par' dir='ltr' id='par_1_43' title="bbox 2342 2836 2443 2888">
     <span class='ocr_line' id='line_1_44' title="bbox 2342 2836 2443 2888; baseline -0.02 0"><span class='ocrx_word' id='word_1_252' title='bbox 2342 2836 2443 2888; x_wconf 84' lang='lat'>385</span> 
     </span>
    </p>
   </div>
   <div class='ocr_carea' id='block_1_9' title="bbox 2344 3265 2446 3315">
    <p class='ocr_par' dir='ltr' id='par_1_44' title="bbox 2344 3265 2446 3315">
     <span class='ocr_line' id='line_1_45' title="bbox 2344 3265 2446 3315; baseline -0.01 0"><span class='ocrx_word' id='word_1_253' title='bbox 2344 3265 2446 3315; x_wconf 81' lang='lat'>390</span> 
     </span>
    </p>
   </div>
  </div>
 </body>
</html>
