2725 3917
984 223 1259 273 VERGILI
1303 223 1631 274 AENEIDOS
1674 224 1765 274 IV.

362 384 805 439 Laomedonteae
831 384 1003 438 sentis
1025 383 1270 452 periuria
1293 385 1513 452 gentis?

365 471 512 535 Quid
534 470 690 524 tum?
727 470 846 523 sola
868 470 1003 537 fuga
1026 474 1222 523 nautas
1247 471 1554 523 comitabor
1579 471 1835 524 ovantis?

362 557 455 609 An
483 556 663 623 Tyriis
688 557 944 625 omnique
968 572 1135 609 manu
1160 556 1364 624 stipata
1387 572 1638 610 meorum

361 642 590 709 Inferar‚
620 646 690 711 et,
721 659 859 710 quos
884 640 1109 695 Sidonia
1132 642 1225 694 vix
1249 642 1386 695 urbe
1410 642 1615 710 revelli,

362 728 573 782 Rursus
598 744 757 796 agam
779 728 993 797 pelage,
1023 733 1079 782 et
1104 730 1284 782 ventis
1308 728 1441 782 dare
1465 728 1587 782 vela
1611 729 1847 783 iubebo?

364 812 512 878 Quin
534 829 766 882 morere,
795 818 860 867 ut
881 813 1083 866 merita
1107 828 1180 880 es,
1211 814 1466 881 ferroque
1491 818 1679 867 averte
1705 814 1969 868 dolorem.

361 900 444 953 Tu
467 899 707 953 lacrimis
733 901 915 953 evicta
937 900 1091 966 meis,
1119 904 1183 953 tu
1207 900 1388 968 prima
1410 901 1690 953 furentem

362 986 479 1056 His,
509 1002 784 1055 germana,
812 986 973 1040 malis
997 1002 1191 1039 oneras
1213 989 1382 1055 atque
1407 987 1578 1040 obicis
1603 986 1766 1041 hosti.

362 1073 493 1127 Non
516 1072 671 1126 licuit
695 1072 1231 1141 thalamiexpertem
1255 1073 1374 1126 sine
1399 1074 1625 1126 crimine
1650 1075 1824 1128 vitam

359 1160 590 1228 Degere,
619 1176 777 1212 more
802 1159 970 1227 ferae,
998 1158 1123 1212 talis
1146 1174 1250 1212 nec
1275 1163 1501 1227 tangere
1527 1162 1717 1214 curas!

359 1246 416 1299 N
419 1262 492 1299 on
516 1250 734 1299 servata
755 1244 907 1313 fides,
936 1245 1106 1299 cineri
1132 1245 1399 1314 promissa
1423 1245 1700 1313 Sychaeo!
1724 1247 1757 1275 ”

361 1332 569 1385 Tantos
592 1330 688 1384 illa
714 1347 813 1384 suo
839 1332 1135 1399 rumpebat
1157 1337 1384 1399 pectore
1409 1337 1647 1401 questus,

432 1419 651 1472 Aeneas
675 1417 820 1471 celsa
842 1417 901 1470 in
925 1418 1113 1487 puppi,
1140 1416 1254 1471 iam
1279 1423 1461 1472 certus
1485 1419 1666 1488 eundi,

363 1506 639 1575 Carpebat
663 1523 900 1573 somnOS,
926 1507 1092 1559 rebus
1115 1506 1225 1559 iam
1251 1505 1357 1558 rite
1381 1506 1603 1574 paratis.

360 1592 506 1647 Huic
530 1610 589 1647 se
612 1594 793 1647 forma
816 1593 905 1647 dei
929 1592 1085 1647 voltu
1110 1592 1393 1645 redeuntis
1419 1592 1613 1646 eodem

361 1680 579 1735 Obtulit
602 1683 661 1734 in
693 1684 914 1752 somnis,
942 1699 1236 1752 rursusque
1260 1683 1341 1736 ita
1364 1683 1485 1736 visa
1508 1699 1733 1737 monere
1758 1688 1858 1752 est,

361 1767 562 1822 Omnia
584 1768 860 1824 Mercurio
886 1770 1091 1837 similis,
1120 1785 1422 1838 vocemque
1447 1768 1798 1838 coloremque

356 1857 433 1912 Et
459 1860 626 1913 crinis
648 1860 820 1914 flavos
846 1866 902 1914 et
925 1861 1174 1914 membra
1197 1861 1400 1914 decora
1423 1861 1677 1913 iuventa:

360 1947 394 1974 “
409 1945 556 2001 Nate
580 1947 696 2015 dea,
725 1952 885 2016 potes
907 1947 1016 2001 hoc
1042 1949 1142 2001 sub
1168 1964 1298 2001 casu
1323 1948 1525 2001 ducere
1549 1962 1785 2013 somnos,

353 2032 490 2103 Nec,
520 2051 658 2103 quae
681 2040 740 2088 te
763 2036 971 2089 circum
996 2040 1144 2089 stent
1170 2036 1368 2090 deinde
1394 2036 1653 2104 pericula,
1682 2034 1874 2104 cernis,

353 2118 611 2189 DemenS,
642 2137 743 2175 nec
767 2121 1050 2190 Zephyros
1075 2122 1230 2175 audis
1256 2123 1464 2190 spirare
1489 2122 1794 2176 secundos?

351 2204 455 2260 Illa
479 2206 635 2260 dolos
659 2208 944 2290 dirumque
967 2208 1125 2263 nefas
1148 2210 1203 2262 in
1228 2215 1455 2278 pectore
1479 2218 1679 2279 versat,

354 2294 521 2348 Certa
544 2295 700 2363 mori,
730 2291 993 2364 uarioque
1015 2296 1223 2350 irarum
1248 2297 1481 2351 fluctuat
1505 2302 1676 2352 aestu.

353 2380 484 2434 Non
505 2381 652 2448 fugis
678 2380 807 2435 hinc
830 2398 1109 2450 praecem,
1138 2383 1270 2437 dum
1295 2386 1658 2454 praecipitare
1680 2384 1959 2453 potestas?

351 2467 469 2522 Iam
493 2486 643 2523 mare
668 2470 879 2523 turbari
904 2471 1166 2540 trabibuS,
1196 2489 1492 2542 saevasque
1515 2473 1727 2527 videbis

355 2554 659 2610 Oonlucere
684 2556 850 2623 faces,
877 2556 984 2611 iam
1012 2558 1225 2632 fer-§fere
1248 2559 1419 2614 litora
1440 2558 1692 2628 flammis,

248 2701 252 2706 ⁴
352 2641 411 2695 Si
436 2647 492 2695 te
514 2643 604 2695 his
628 2643 874 2711 attigerit
898 2645 1065 2698 terris
1092 2645 1312 2701 Aurora
1333 2652 1662 2701 morantem.

351 2727 493 2782 Heia
516 2746 630 2797 age,
659 2746 852 2799 rumpe
876 2748 1073 2786 moras.
1148 2732 1384 2787 Varium
1408 2737 1466 2786 et
1488 2733 1753 2788 mutabile
1777 2750 1996 2803 semper

350 2814 634 2869 Femina.’'
707 2816 799 2870 Sic
823 2817 973 2871 fatus
994 2818 1146 2872 nocti
1172 2835 1230 2872 se
1253 2819 1551 2873 immiscuit
1577 2825 1746 2874 atrae.

421 2902 560 2955 Tum
585 2920 718 2957 vero
743 2903 973 2974 Aeneas,
1003 2904 1196 2959 subitis
1221 2906 1516 2960 exterritus
1540 2907 1765 2976 umbriS‚

352 2988 596 3058 Corripit
621 3005 650 3043 e
675 3006 870 3044 somno
896 3008 1097 3060 corpus
1120 2992 1401 3061 sociosque
1426 2992 1650 3061 fatigat:
1707 3044 1713 3048 ,

353 3075 739 3145 “Praecipites
761 3077 1002 3146 vigilate,
1032 3079 1154 3146 viri,
1183 3081 1239 3131 et
1265 3079 1532 3133 considite
1557 3079 1812 3133 transtris
1833 3099 1846 3147 ς

350 3160 560 3216 Solvite
584 3162 709 3216 vela
733 3163 845 3217 citi.
920 3163 1072 3217 Deus
1098 3165 1321 3218 aethere
1346 3166 1546 3218 missus
1571 3167 1639 3219 ab
1667 3166 1781 3219 alto

349 3245 632 3303 Festinare
657 3250 846 3317 fugam
873 3253 1157 3318 tortosque
1179 3251 1425 3305 incidere
1449 3252 1601 3305 funis

348 3334 493 3390 Ecce
516 3336 719 3389 iterum
744 3334 1008 3389 stimulat.
1083 3335 1377 3403 Sequimur
1399 3341 1471 3405 te,
1502 3342 1692 3391 sancte
1718 3338 1965 3407 deorum,

352 3422 610 3490 Quisquis
634 3439 707 3490 es,
730 3422 1071 3490 imperioque
1097 3422 1297 3475 iterum
1322 3440 1578 3492 paremus
1604 3430 1846 3479 ovantes.

349 3508 515 3560 Adsis
539 3524 572 3561 o
596 3507 948 3575 placidusque
972 3507 1143 3575 iuves,
1172 3512 1229 3561 et
1253 3508 1434 3563 sidera
1458 3509 1611 3563 caelo

2288 634 2391 701 54'5

2286 1079 2389 1131 550

2284 1511 2387 1564 555

2282 1948 2386 2000 560

2280 2386 2382 2439 565

2277 2819 2381 2877 570

2276 3252 2378 3310 575
