2725 3917
1026 253 1303 305 VERGILI
1347 251 1679 302 AENEIDOS
1723 252 1789 303 11.

392 417 772 486 Ascaniusque
797 416 1084 485 omnisque
1108 415 1322 483 domus,
1348 431 1422 468 ne
1446 419 1665 469 vertere
1690 431 1877 468 secum

393 505 611 559 Ouncta
630 508 791 573 pater
815 504 1043 573 fatoque
1069 503 1287 571 urgenti
1310 503 1635 556 incumbere
1661 502 1847 557 vellet.

392 591 669 660 Abnegat,
697 591 1030 659 inceptoque
1057 593 1113 643 et
1138 590 1360 643 sedibus
1384 589 1576 646 haeret
1599 589 1660 642 in
1682 588 1875 643 isdem.

391 678 603 732 Rursus
625 679 685 731 in
711 694 865 731 arma
888 678 1056 745 feror,
1088 682 1433 746 mortemque
1456 676 1796 731 miserrimus
1819 680 1970 745 epte,
2328 680 2428 732 655

391 765 538 821 Nam
565 766 711 834 quod
736 764 1024 818 consilium
1050 769 1145 818 aut
1172 781 1311 833 quae
1339 765 1454 818 iam
1478 764 1709 817 fortuna
1732 764 2005 818 dabatur?

395 855 430 883 “
449 853 610 908 Mene
636 853 831 907 efferre
855 852 1071 921 pedem,
1104 853 1338 920 genitor,
1369 855 1429 905 te
1450 867 1612 920 posse
1635 851 1831 904 relicto

392 941 651 1010 Sperasti,
679 945 1008 1010 tantumque
1034 938 1194 993 nefas
1221 937 1407 1008 patrio
1433 939 1640 992 excidit
1664 939 1801 991 ore?

360 1074 369 1082 .
391 1028 447 1081 Si
472 1029 611 1083 nihil
636 1046 704 1083 ex
728 1034 886 1083 tanta
909 1028 1135 1097 Superis
1164 1027 1347 1095 placet
1377 1026 1515 1080 urbe
1539 1025 1790 1093 relinqui,

388 1115 462 1169 Et
487 1117 640 1170 sedet
662 1117 770 1170 hoc
797 1116 997 1183 anime,
1025 1114 1412 1185 perituraeque
1445 1112 1645 1165 addere
1671 1111 1868 1166 Troiae
2321 1115 2427 1167 660

389 1203 571 1272 Teque
594 1208 826 1271 tuosque
850 1203 1020 1269 iuvat,
1048 1206 1207 1270 patet
1228 1200 1321 1252 isti
1349 1199 1517 1253 ianua
1538 1198 1682 1264 let03

389 1289 615 1359 Iamque
640 1290 821 1344 aderit
843 1289 1022 1342 multo
1046 1288 1253 1343 Priami
1278 1287 1348 1340 de
1375 1286 1640 1353 sauguine
1663 1286 1929 1356 PyrrhuS,

388 1376 597 1431 Natum
625 1381 755 1431 ante
780 1393 879 1431 ora
901 1376 1091 1445 patris,
1120 1381 1337 1444 patrem
1369 1374 1464 1443 qui
1492 1373 1789 1437 obtruncat
1813 1373 1882 1427 ad
1907 1389 2047 1429 aras.

389 1464 512 1519 Hoc
537 1468 671 1532 erat,
701 1463 843 1517 alma
864 1480 1078 1532 parone,
1110 1462 1260 1531 quod
1286 1477 1378 1515 me
1401 1477 1502 1529 per
1530 1459 1659 1528 tela,
1685 1476 1787 1529 per
1811 1460 1957 1529 ignis
2115 1469 2124 1556 ζ

386 1551 587 1620 Eripis,
614 1556 678 1605 ut
701 1551 898 1605 mediis
922 1551 1141 1604 hostem
1165 1552 1225 1604 in
1251 1549 1642 1621 penetralibus,
1674 1552 1846 1616 utque
2321 1549 2423 1601 665

386 1636 687 1692 Ascanium
711 1643 1034 1707 patremque
1056 1654 1240 1692 meum
1267 1640 1531 1707 iuxtaque
1565 1635 1828 1688 Creusam
2216 1657 2222 1662 ·

387 1723 643 1778 Alterum
671 1726 731 1778 in
756 1724 982 1778 alterius
1005 1728 1276 1779 mactatos
1300 1726 1564 1794 sanguine
1596 1726 1858 1780 cernam?
1908 1763 1911 1768 ·

385 1810 578 1876 Arma,
605 1811 727 1878 viri,
755 1810 896 1865 ferte
923 1827 1108 1878 arma3
1148 1816 1314 1864 vocet
1336 1812 1434 1864 lux
1458 1811 1651 1864 ult-ima
1674 1811 1869 1865 victos.

386 1896 626 1951 Reddite
646 1914 734 1951 me
758 1897 965 1952 Danais
984 1916 998 1965 ς
1039 1898 1202 1952 sinite
1225 1898 1535 1953 instaurata
1556 1900 1794 1954 revisam

384 1984 619 2038 Proelia.
695 1984 1011 2054 Numquam
1037 2001 1230 2038 omnes
1254 1985 1422 2038 hodie
1451 1987 1753 2040 moriemur
1778 1971 1997 2042 inulti.’'
2318 1985 2420 2043 670

455 2071 601 2123 Hinc
625 2071 773 2124 ferro
799 2072 1054 2139 accingor
1076 2088 1265 2124 rursus
1289 2072 1573 2142 clipeoque
1600 2076 1880 2134 sinistram

384 2156 724 2211 Insertabam
749 2161 943 2225 aptans
966 2173 1163 2225 meque
1188 2162 1346 2211 extra
1368 2162 1518 2214 tecta
1540 2161 1800 2219 ferebam.

382 2243 527 2296 Ecce
552 2247 736 2296 autem
763 2243 1052 2311 complexa
1073 2244 1243 2312 pedes
1271 2246 1327 2298 in
1352 2246 1543 2302 limine
1574 2252 1817 2305 coniunx

383 2329 678 2397 Haerebat,
706 2346 1045 2398 parvumque
1063 2332 1209 2399 patri
1234 2333 1499 2389 tendebat
1524 2337 1738 2393 Iulum:

368 2417 420 2448 ’⁴‘
440 2416 496 2469 Si
519 2417 799 2496 periturus
824 2417 953 2484 ahie,
982 2424 1041 2470 et
1064 2434 1167 2471 nos
1191 2435 1323 2488 rape
1347 2422 1405 2474 in
1438 2425 1625 2478 omnia
1648 2429 1830 2479 tecum
1852 2444 1866 2494 3
2313 2427 2417 2485 675

382 2503 480 2556 Sin
506 2502 744 2571 aliquam
770 2509 1032 2571 expertus
1058 2506 1292 2573 sumptis
1319 2523 1473 2575 spem
1502 2512 1662 2579 ponis
1684 2513 1745 2565 in
1768 2512 1949 2582 armis,

382 2590 539 2643 Hanc
561 2590 800 2657 primum
827 2595 1009 2644 tutare
1034 2591 1276 2645 domum.
1357 2594 1461 2648 Oui
1486 2613 1689 2665 parvus
1713 2597 1879 2665 Inlue,

382 2675 485 2729 Oui
510 2681 668 2744 pater
693 2681 751 2729 et
775 2678 1015 2731 coniunx
1042 2681 1319 2749 quondam
1350 2688 1449 2738 tua
1474 2685 1625 2739 dicta
1646 2685 1964 2755 relinquor?
1987 2683 2021 2715 '’

451 2762 603 2817 Talia
625 2763 938 2818 vociferans
963 2767 1171 2834 gemitu
1202 2773 1413 2823 tectum
1440 2787 1603 2825 omne
1627 2773 1891 2841 replebat,

381 2849 520 2903 Cum
545 2849 788 2902 subitum
813 2850 1072 2921 dictuque
1098 2855 1273 2909 oritur
1298 2856 1552 2912 mirabile
1575 2865 1899 2915 monstrum.
2312 2864 2415 2916 680

379 2935 632 3006 Namque
657 2953 852 2991 manus
874 2939 1022 2993 inter
1050 2948 1499 3014 maestorumque
1526 2963 1625 3001 ora
1648 2953 1943 3016 parentum

376 3024 523 3078 Ecce
545 3023 683 3079 levis
706 3040 925 3079 summo
947 3026 1017 3081 de
1048 3031 1257 3084 vertice
1281 3031 1432 3085 visus
1449 3033 1558 3087 Iuli

376 3110 632 3165 Fundere
660 3111 850 3165 lumen
880 3130 1035 3185 apex,
1068 3121 1330 3187 tactuque
1354 3120 1580 3175 innoxia
1603 3121 1786 3175 mollis

376 3198 644 3253 Lambere
669 3196 893 3253 flamma
918 3217 1101 3256 comas
1128 3207 1184 3256 et
1211 3204 1421 3259 circum
1447 3212 1701 3275 tempora
1723 3208 1893 3277 pasci.

378 3284 498 3339 Nos
521 3284 704 3354 pavidi
731 3286 1011 3355 trepidare
1036 3294 1204 3358 metu,
1236 3292 1554 3362 crinemque
1577 3293 1905 3363 flagrantem
2309 3297 2418 3351 ⁶85

377 3370 652 3426 Excutere
677 3376 734 3425 et
759 3377 979 3427 sanctos
1003 3377 1341 3445 restinguere
1367 3380 1619 3434 fontibus
1642 3381 1804 3450 ignis.

379 3457 461 3512 At
481 3464 641 3527 pater
665 3457 940 3513 Anchises
964 3461 1151 3517 oculos
1176 3463 1246 3518 ad
1270 3465 1453 3521 sidera
1474 3466 1652 3521 laetus

378 3542 608 3615 Extulit,
637 3549 695 3599 et
719 3545 873 3601 caelo
896 3548 1110 3617 palmas
1135 3567 1260 3606 cum
1285 3570 1424 3610 voce
1448 3555 1720 3610 tetendit:
