2725 3917
1010 207 1186 257 VERG
1193 208 1285 257 ILI
1326 208 1659 257 -AENEIDOS
1704 209 1794 258 VI.

386 370 621 425 Lenibat
645 369 807 424 dictis
831 369 1093 439 animum,
1120 370 1480 439 lacrimasque
1506 370 1704 424 ciebat.

386 457 491 511 Illa
516 457 633 511 solo
656 457 799 511 fixos
824 457 1012 511 oculos
1037 474 1229 511 aversa
1251 457 1493 526 tenebat,

388 543 509 598 Nec
533 545 708 613 magis
732 544 956 612 incepto
982 543 1197 597 voltum
1222 560 1474 597 sermone
1497 549 1766 613 movetur,

390 631 569 696 Quam
594 632 640 684 si
665 631 802 686 dura
826 631 961 684 silex
987 635 1084 684 aut
1111 635 1219 684 stet
1243 630 1520 699 Marpesia
1546 636 1750 686 cautes.

387 717 633 771 Tandem
659 717 926 786 corripuit
950 734 1084 786 sese,
1116 722 1281 786 atque
1306 717 1532 772 inimica
1557 718 1764 787 refugit
2056 729 2062 757 ²

388 803 455 857 In
480 820 671 857 nemus
695 805 1075 873 umbriferum,
1106 804 1347 857 coniunx
1372 805 1467 857 ubi
1493 805 1754 873 pristinus
1776 805 1858 859 illi

387 889 710 958 Respondet
735 891 881 945 curis
908 895 1214 959 aequatque
1240 890 1520 958 Sychaeus
1543 909 1802 946 amorem.

388 976 508 1030 Nec
532 978 713 1030 minus
736 979 970 1045 Aeneas,
1001 994 1130 1031 casu
1157 994 1455 1032 concussus
1478 978 1681 1047 iniqu0,

386 1063 746 1131 Prosequitur
768 1064 1059 1118 lacrimans
1083 1064 1264 1133 longe,
1296 1069 1353 1117 et
1378 1066 1674 1118 miseratur
1698 1070 1937 1120 euntem.

457 1149 598 1203 Inde
624 1148 813 1203 datum
835 1150 1064 1203 molitur
1088 1151 1212 1204 iter.
1286 1150 1512 1219 Iamque
1531 1168 1671 1204 arva
1695 1153 1958 1207 tenebant

388 1235 614 1302 Ultima,
642 1253 781 1304 quae
806 1236 950 1289 bello
976 1236 1108 1289 clari
1133 1241 1345 1289 secreta
1368 1238 1744 1305 frequentant.

387 1322 494 1375 Hic
518 1322 600 1375 illi
624 1324 863 1376 occurrit
887 1323 1120 1391 Tydeus,
1148 1322 1239 1376 hic
1262 1323 1506 1377 inclutus
1530 1326 1696 1379 armis

388 1406 840 1477 Parthenopaeus
866 1413 922 1462 et
949 1408 1176 1463 Adrasti
1201 1410 1459 1478 pallentis
1483 1412 1695 1479 imag03

388 1494 496 1547 Hic
520 1494 759 1546 multum
782 1494 899 1548 fleti
925 1494 995 1548 ad
1021 1512 1247 1563 superos
1272 1495 1525 1564 belloque
1551 1497 1739 1552 caduci

388 1580 756 1650 Dardanidae,
787 1599 924 1651 quos
948 1583 1040 1636 ille
1066 1584 1245 1637 omnis
1268 1583 1436 1651 longo
1464 1583 1657 1637 ordine
1682 1601 1913 1637 cernens

389 1668 680 1737 Ingemuit,
712 1667 1086 1738 Glaucumque
1113 1669 1484 1739 Medontaque
1513 1670 2057 1741 Thersilochumque,

389 1754 510 1808 Tris
536 1755 925 1821 Antenorida8‚
959 1755 1254 1827 Oererique
1280 1775 1496 1812 sacrum
1521 1757 1923 1828 Polyphoeten‚

388 1842 740 1912 Idaeumque,
770 1844 934 1898 etiam
962 1861 1167 1915 curma,
1197 1847 1365 1899 etiam
1390 1863 1543 1900 arma
1567 1851 1866 1901 tenentem.

390 1938 760 1997 Circumstant
785 1943 1001 1998 animae
1027 1943 1222 1998 dextra
1244 1943 1509 2012 laevaque
1534 1943 1867 2011 frequentes

389 2026 507 2082 Nec
534 2030 735 2084 vidisse
760 2031 929 2084 semel
954 2031 1085 2084 satis
1111 2036 1221 2097 est;
1262 2032 1414 2085 iuvat
1438 2048 1611 2099 usque
1635 2030 1855 2099 morari,

387 2111 461 2165 Et
486 2116 734 2170 conferre
758 2117 1005 2185 gradum,
1036 2121 1093 2169 et
1118 2117 1377 2169 veniendi
1402 2117 1611 2171 discere
1638 2133 1842 2170 causas.

388 2198 461 2252 Et
485 2199 738 2254 Danaum
763 2219 1018 2271 proceres
1042 2202 1623 2272 Agamemnoniaeque
1648 2202 1947 2270 phalanges

351 2302 361 2313 ·
389 2284 467 2339 Ut
490 2287 680 2341 videre
707 2289 881 2341 virum
908 2288 1284 2361 fulgentiaque
1310 2306 1463 2343 arma
1484 2307 1585 2358 per
1609 2289 1846 2357 umbrae,

387 2369 608 2440 Ingenti
634 2375 910 2443 trepidare
932 2382 1117 2443 metu;
1157 2393 1284 2445 pars
1307 2381 1525 2429 vertere
1552 2381 1722 2443 terga,

389 2456 506 2512 Ceu
533 2462 808 2529 quondam
833 2465 1044 2533 petiere
1063 2470 1240 2531 rates3
1281 2480 1408 2532 pars
1431 2464 1627 2517 tollere
1653 2478 1847 2515 vocem

387 2545 685 2615 Exiguam:
724 2551 978 2620 inceptus
1002 2552 1208 2606 clamor
1231 2552 1527 2604 frustratur
1551 2548 1772 2602 hiantis.

458 2634 647 2703 Atque
672 2635 763 2690 hic
788 2637 1106 2692 Priamiden
1131 2638 1397 2691 laniatum
1423 2653 1656 2704 corpore
1679 2639 1801 2689 toto

386 2720 742 2790 Deiphobum
768 2724 920 2777 videt
944 2729 1000 2778 et
1022 2725 1260 2779 lacerum
1290 2722 1586 2777 crudeliter
1613 2741 1724 2791 ora,
1926 2705 1944 2778 l

388 2806 503 2860 Ora
526 2823 827 2877 manusque
852 2811 1056 2879 amba8‚
1084 2810 1458 2879 populataque
1482 2813 1735 2878 tempora
1757 2807 1930 2876 raptis

335 2966 345 2975 ι
385 2893 647 2963 AuribuS,
679 2900 735 2948 et
760 2901 982 2950 truncas
1008 2897 1304 2950 inhonesto
1331 2896 1557 2950 volnere
1583 2897 1748 2950 naria.
1950 2881 1971 2985 Q

388 2980 502 3034 Vix
527 2981 665 3036 adeo
691 2983 917 3051 agnovit
940 2983 1282 3052 pavitantem
1309 2987 1365 3036 et
1391 2983 1512 3036 dira
1536 2987 1814 3050 tegentem

266 3109 279 3122 .
386 3067 680 3136 Supplicia,
711 3074 768 3123 et
792 3069 942 3123 notis
966 3069 1260 3138 compellat
1288 3070 1515 3122 vocibus
1541 3067 1722 3122 ultro:

389 3156 421 3183 ‘⁶
439 3155 733 3224 Deiphobe
757 3157 1111 3225 armipotenS,
1141 3172 1314 3223 genus
1339 3155 1454 3208 alto
1480 3171 1512 3208 a
1537 3155 1802 3222 sanguine
1827 3154 2040 3224 Teucri,

387 3238 523 3303 Quis
547 3245 662 3293 tam
675 3241 923 3294 crudelis
949 3240 1165 3309 optavit
1190 3257 1406 3294 sumere
1435 3240 1674 3309 poenas?

387 3325 490 3378 Oui
516 3331 731 3380 tantum
756 3327 825 3381 de
850 3332 904 3381 te
927 3327 1115 3381 licuit?
1190 3327 1329 3380 Mihi
1355 3329 1508 3382 fama
1532 3343 1787 3396 suprema

385 3412 566 3467 Nocte
590 3414 719 3468 tulit
743 3415 945 3469 fessum
971 3425 1127 3469 vasta
1149 3420 1207 3469 te
1232 3417 1400 3472 caede
1424 3417 1718 3485 Pelasgum

384 3498 749 3553 Procubuisse
775 3518 937 3567 super
962 3503 1220 3555 confusae
1246 3505 1444 3572 stragis
1470 3519 1746 3557 acervum.

2320 547 2392 604 47
2395 553 2428 600 0

2318 983 2424 1038 475

2321 1417 2424 1468 480

2319 1849 2423 1900 485

2319 2291 2426 2341 490

2319 2722 2423 2776 495

2317 3157 2423 3209 500
