2725 3917
947 237 1224 287 VERGILI
1267 235 1600 287 AENEIDOS
1641 238 1733 287 IV.

325 396 533 451 Dextra
555 396 755 451 feras.''
827 395 999 465 Dixit,
1027 397 1332 465 vaginaque
1356 397 1524 465 eripit
1548 413 1735 451 ensem

324 484 688 551 Fulmineum,
716 484 1019 552 strictoque
1041 484 1505 557 ferit.retinacula
1528 484 1695 537 ferro.
2250 485 2357 537 580

322 570 476 635 Idem
501 570 687 624 omnis
704 569 864 622 simul
889 570 1055 623 ardor
1079 569 1263 638 habet,
1290 571 1625 639 rapiuntque
1650 573 1954 639 ruuntque;

321 657 511 711 Litora
534 657 853 724 deseruere;
892 655 1030 709 latet
1054 657 1156 710 sub
1181 657 1445 710 classibus
1470 674 1678 726 aequor
1698 676 1712 724 ς

321 742 530 797 Adnixi
553 748 816 812 torquent
840 759 1062 810 spumas
1085 748 1143 796 et
1167 744 1390 797 caerula
1414 749 1661 797 verrunt.

388 829 464 883 Et
486 831 598 883 iam
624 830 804 897 prima
824 845 974 883 novo
997 831 1291 897 spargebat
1313 829 1526 883 lumine
1549 840 1724 884 terras

322 917 547 970 Tithoni
573 933 827 971 croceum
850 916 1107 984 linquens
1129 917 1352 969 Aurora
1380 917 1577 970 cubile.
2248 920 2351 972 585

321 1004 534 1072 Regina
558 1020 589 1057 e
615 1002 848 1071 speculis
871 1007 935 1056 ut
958 1004 1197 1071 primum
1223 1004 1503 1058 albescere
1526 1005 1706 1061 lucem

323 1090 482 1145 Vidit
505 1099 561 1143 et
586 1089 831 1157 aequatis
852 1088 1077 1143 classem
1104 1090 1406 1158 procedere
1432 1091 1583 1161 velis,

294 1223 297 1226 ,
320 1177 614 1245 Litoraque
639 1181 697 1229 et
719 1191 925 1229 vacuos
948 1176 1118 1229 sensit
1144 1177 1261 1230 sine
1286 1179 1496 1246 remige
1520 1184 1731 1248 portus,

321 1264 530 1332 Terque
556 1267 858 1331 quaterque
881 1279 1048 1316 manu
1073 1269 1266 1330 pectus
1288 1281 1546 1332 percussa
1569 1266 1828 1319 decorum

320 1350 708 1418 Flaventisque
734 1350 973 1404 abscissa
997 1368 1184 1405 comas
1212 1353 1373 1406 “Pro
1401 1353 1678 1421 Iuppiter!
1719 1353 1826 1405 ibit
2246 1354 2351 1405 590

322 1438 424 1491 Hic
442 1437 473 1466 ”
501 1438 579 1491 ait
608 1438 714 1490 “et
738 1438 946 1492 nostris
970 1440 1224 1493 inluserit
1248 1440 1463 1495 advena
1485 1441 1704 1508 regnis?

320 1525 448 1578 Non
475 1540 628 1578 arma
654 1524 967 1595 expedient,
996 1532 1226 1596 totaque
1250 1544 1319 1580 ex
1347 1528 1482 1581 urbe
1506 1531 1820 1596 sequentur,

318 1612 715 1682 Deripientque
739 1619 888 1667 rates
912 1614 1005 1667 alii
1028 1615 1357 1668 navalibus?
1430 1613 1532 1682 Ite,

318 1699 480 1753 Ferte
505 1700 601 1753 citi
624 1700 891 1768 flammas,
920 1700 1048 1755 date
1071 1701 1198 1770 tela,
1227 1701 1494 1770 impellite
1519 1703 1807 1755 remos!—

320 1785 465 1851 Quid
488 1788 723 1856 loquor?
766 1793 860 1841 aut
883 1789 980 1842 ubi
1006 1791 1162 1842 sum?
1239 1787 1393 1853 Quae
1416 1794 1662 1841 mentem
1688 1788 1904 1841 insania
1934 1788 2150 1840 mutat?
2246 1789 2348 1839 595

316 1873 517 1928 Infelix
541 1874 722 1928 Did01
765 1891 912 1930 nunc
936 1880 992 1929 te
1016 1877 1170 1930 facta
1192 1876 1364 1943 impia
1387 1875 1658 1943 tangunt?

318 1961 453 2015 Tum
478 1964 681 2033 decuit,
713 1981 840 2018 cum
866 1969 1081 2032 sceptra
1105 1961 1454 2016 dabas-En
1480 1961 1677 2014 dextra
1700 1960 1960 2029 fidesque,

319 2051 493 2116 Quem
518 2068 703 2105 secum
727 2053 940 2120 patrios
964 2051 1121 2104 aiunt
1143 2054 1368 2118 portare
1391 2048 1632 2117 Penatis,

319 2136 491 2202 Quem
518 2140 749 2192 subiisse
772 2138 980 2191 umeris
1004 2138 1320 2191 confectum
1349 2140 1530 2190 aetate
1554 2139 1843 2203 parentem
1859 2136 1950 2188 1-

317 2223 444 2277 Non
468 2227 627 2294 potui
651 2226 946 2294 abreptum
970 2224 1232 2278 divellere
1258 2240 1459 2292 corpus
1483 2232 1539 2276 et
1565 2223 1727 2275 undis
1943 2216 1952 2290 ί
2246 2223 2348 2273 600

319 2310 622 2380 Spargere?
660 2330 774 2366 non
799 2315 991 2381 sociOS,
1020 2327 1133 2365 non
1158 2312 1338 2380 ipsum
1364 2311 1650 2364 absumere
1674 2310 1827 2362 ferro

317 2399 631 2469 Ascanium,
662 2402 964 2470 patriisque
990 2398 1323 2468 epulandum
1349 2395 1555 2466 pon‘ere
1579 2397 1783 2449 mensis
1794 2396 1889 2449 2—

315 2485 529 2541 Verum
555 2505 758 2557 anceps
784 2502 996 2555 pugnae
1020 2487 1207 2539 fuerat
1232 2484 1798 2549 fortuna.—Fuisset;

317 2571 491 2636 Quem
519 2575 694 2628 metui
718 2573 1028 2627 moritura?
1101 2574 1272 2626 Faces
1300 2572 1356 2625 in
1383 2577 1567 2625 castra
1590 2569 1852 2637 tulissem,

314 2658 745 2729 Implessemque
767 2660 918 2713 foros
941 2660 1191 2728 flammiS‚
1224 2664 1525 2726 natumque
1550 2662 1877 2725 patremque
2245 2656 2346 2708 605

317 2745 455 2799 Cum
479 2764 682 2815 genere
709 2748 1036 2815 exstinxem,
1063 2751 1270 2800 memet
1295 2762 1459 2815 super
1484 2745 1606 2814 ipsa
1632 2743 2000 2797 dedissem.—

316 2832 423 2901 Sol,
453 2836 548 2902 qui
572 2839 848 2887 terrarum
871 2833 1107 2887 flammis
1132 2848 1301 2901 opera
1325 2832 1513 2885 omnia
1534 2831 1752 2897 lustras,

314 2918 501 2988 Tuque
525 2920 723 2973 harum
749 2921 1025 2988 interpres
1049 2935 1304 2973 curarum
1332 2923 1391 2971 et
1414 2918 1636 2971 conscia
1653 2915 1812 2985 Iuno,

313 3005 721 3076 Nocturnisque
747 3006 959 3060 Hecate
984 3006 1165 3059 triviis
1190 3005 1401 3059 ululata
1426 3020 1527 3071 per
1550 3005 1730 3072 urbes,

311 3092 385 3146 Et
407 3093 576 3147 Dirae
600 3093 844 3156 ultrices,
874 3098 930 3146 et
954 3092 1013 3145 di
1035 3092 1324 3145 morientis
1347 3090 1573 3156 Elissae,
1915 3155 1926 3176 x
2247 3092 2349 3142 610

312 3181 565 3249 Accipite
588 3180 743 3245 haec,
773 3180 1142 3247 meritumque
1166 3178 1326 3231 malis
1350 3176 1622 3231 advertite
1647 3192 1871 3244 numen,

310 3264 382 3321 Et
406 3272 625 3321 nostras
651 3266 840 3321 audite
864 3282 1072 3334 preces.
1148 3264 1205 3318 Si
1230 3268 1457 3332 tangere
1482 3267 1677 3330 portus

310 3352 604 3407 Infandum
629 3358 799 3420 caput
824 3370 889 3406 ac
913 3353 1078 3405 terris
1102 3351 1307 3404 adnare
1332 3365 1555 3403 necesse
1580 3352 1679 3414 est,

308 3438 381 3493 Et
404 3441 483 3494 sic
507 3442 629 3495 fata
654 3439 808 3491 Iovis
832 3443 1085 3506 poscunt,
1111 3437 1202 3490 hic
1227 3438 1499 3491 terminus
1524 3435 1749 3488 haeret:

304 3525 388 3581 At
409 3527 558 3582 bello
586 3524 815 3581 audacis
839 3524 1030 3593 populi
1055 3528 1287 3576 vexatus
1313 3527 1372 3577 et
1395 3521 1577 3587 armiS,
2250 3520 2350 3571 615
