2725 3917
1045 250 1321 300 VERGILI
1363 249 1694 300 AENEIDOS
1737 250 1805 301 ΙΙ.

410 412 533 467 Hoc
555 411 733 480 ipsum
760 415 822 465 ut
846 393 1084 464 strueret
1106 411 1435 480 Troiamque
1461 411 1701 479 aperiret
1724 410 1972 480 Achivis,
2378 418 2443 468 60

412 498 720 567 Obtulerat,
747 497 924 551 fidens
947 498 1131 567 animi,
1160 502 1325 567 atque
1348 498 1410 551 in
1435 504 1731 567 utrumque
1754 504 2000 567 paratus,

412 585 523 639 Seu
545 601 766 638 versare
791 584 963 654 dolos,
992 601 1085 639 seu
1112 590 1296 640 certae
1322 585 1649 639 occumbere
1671 586 1860 640 morti.

412 671 668 741 Undique
692 671 906 725 visendi
930 671 1111 725 studio
1137 672 1371 726 Troiana
1392 672 1653 726 iuventus

414 759 759 813 Circumfusa
782 759 908 828 ruit,
939 763 1261 828 certantque
1285 759 1536 813 inludere
1561 763 1742 827 capto,

413 845 621 915 Accipe
645 861 793 899 nunc
815 844 1069 900 Danaum
1092 846 1335 913 insidiae,
1362 850 1420 900 et
1445 845 1675 900 crimine
1699 846 1770 900 ab
1795 862 1909 902 uno
2380 849 2444 900 65

411 933 580 987 Disce
604 932 797 986 omnis,

368 1054 372 1058 -
413 1019 668 1089 Namque
694 1024 756 1073 ut
780 1025 1074 1089 conspectu
1100 1020 1161 1074 in
1183 1019 1368 1074 medio
1394 1019 1664 1087 turbatus,
1694 1018 1938 1088 inermis,

416 1106 870 1196 Constitit-atque
891 1106 1063 1160 oculis
1086 1106 1334 1174 Phrygia
1361 1106 1582 1175 agmina
1601 1106 2024 1176 circumspexit:

419 1193 606 1262 “Heu,
637 1209 776 1261 quae
799 1208 948 1246 nunc
971 1192 1136 1246 tellus
1157 1193 1189 1221 ’'
1215 1193 1415 1262 inquit,
1451 1194 1484 1223 “
1504 1207 1644 1262 quae
1667 1210 1758 1248 me
1781 1209 2022 1263 aequora
2045 1198 2280 1263 possunt

414 1279 724 1348 Accipere?
764 1283 860 1333 aut
885 1279 1017 1347 quid
1033 1278 1146 1332 iam
1170 1278 1372 1333 misero
1397 1280 1534 1333 mihi
1559 1280 1797 1350 denique
1820 1285 2010 1349 restat,
2381 1279 2447 1337 '70

418 1367 522 1421 Oui
545 1382 722 1434 neque
748 1365 895 1433 apud
918 1364 1141 1418 Danaos
1159 1381 1396 1434 usquam
1419 1367 1589 1436 100118,
1618 1372 1677 1421 et
1701 1381 1867 1437 super
1890 1368 1996 1436 ipsi

414 1452 766 1510 Dardanidae
789 1452 991 1505 infensi
1015 1468 1222 1522 poenas
1246 1470 1375 1508 cum
1399 1455 1665 1523 sanguine
1689 1455 1961 1523 poscunt?
1980 1454 2013 1483 ”

419 1543 543 1607 Quo
566 1541 775 1609 gemitu
799 1540 1051 1593 conversi
1076 1540 1260 1610 animi,
1287 1557 1632 1610 compressus
1655 1546 1713 1595 et
1736 1541 1916 1597 omnis

417 1628 682 1697 ImpetuS.
757 1626 1062 1681 Hortamur
1086 1627 1206 1696 fari,
1236 1644 1345 1697 quo
1372 1628 1637 1697 sanguine
1662 1634 1860 1698 cretus,

420 1715 634 1781 Quidve
657 1715 819 1784 ferat,
848 1719 1134 1784 memoret,
1166 1731 1304 1784 quae
1329 1715 1401 1769 sit
1426 1715 1626 1769 fiducia
1650 1721 1830 1784 capto,
2340 1731 2354 1804 f
2384 1716 2449 1772 75

421 1802 544 1873 [Ille
566 1802 721 1873 haec,
749 1802 1000 1871 deposita.
1022 1802 1251 1858 tandem
1273 1802 1588 1871 formidine,
1616 1804 1765 1857 fatur
1783 1805 1822 1871 ε]

480 1892 528 1922 ’“
545 1889 760 1946 Cuncta
785 1891 1034 1960 equidem
1060 1890 1178 1961 tibi,
1211 1890 1350 1959 Rex,
1379 1890 1548 1945 fuerit
1574 1889 1974 1960 quodcumque,
2003 1889 2223 1945 fatebor

420 1977 574 2034 Vera
591 1978 624 2007 ’⁹
649 1978 844 2048 inquit,
876 1980 909 2008 ‘⁶
926 1995 1107 2048 neque
1130 1995 1220 2032 me
1244 1977 1509 2046 Argolica
1532 1978 1602 2032 de
1624 1982 1791 2047 gente
1813 1977 2064 2045 negab03
2141 2001 2146 2008 ·

419 2064 543 2119 Hoc
565 2065 841 2133 primum3
880 2081 1001 2133 nec,
1030 2065 1078 2118 si
1101 2065 1364 2118 miserum
1392 2064 1642 2118 Fortuna
1666 2064 1930 2118 Sinonem

420 2150 626 2221 Finxit,
655 2168 861 2206 vanum
886 2152 1053 2205 etiam
1078 2150 1510 2220 mendacemque
1534 2151 1791 2219 improba
1814 2150 2005 2220 finget.
2385 2154 2453 2206 80

420 2236 612 2291 Fando
637 2238 857 2307 aliquod
882 2239 929 2293 si
953 2238 1100 2292 forte
1123 2242 1249 2292 tuas
1273 2239 1531 2306 pervenit
1556 2237 1627 2292 ad
1651 2238 1800 2292 auris

423 2321 649 2380 Belidae
672 2341 876 2378 nomen
900 2324 1209 2381 Palamedis
1233 2330 1291 2379 et
1313 2325 1525 2380 incluta
1549 2325 1697 2380 fama

423 2410 628 2480 Gloria,
659 2428 824 2481 quem
844 2412 987 2468 falsa
1012 2412 1112 2467 sub
1137 2411 1456 2481 proditione
1480 2412 1698 2481 Pelasgi

421 2503 704 2559 Insontem
729 2505 959 2561 infando
983 2506 1206 2576 indicio,
1236 2506 1364 2577 quia
1390 2506 1535 2562 bella
1558 2506 1797 2575 vetabat,

421 2591 705 2648 Demisere
728 2595 868 2664 neci,
897 2607 1045 2649 nunc
1069 2611 1282 2649 cassum
1307 2593 1518 2648 lumine
1541 2593 1762 2662 lugent:
2388 2592 2455 2646 85
2487 2648 2492 2653 ,

422 2677 512 2733 1Πί
536 2696 626 2733 me
652 2681 910 2735 comitem
938 2688 994 2735 et
1018 2680 1497 2750 consanguinitate
1521 2679 1897 2749 propinquum

422 2764 643 2835 Pauper
666 2768 726 2821 in
751 2785 903 2823 arma
927 2771 1087 2836 pater
1111 2768 1301 2837 primis
1324 2766 1437 2821 huc
1461 2766 1614 2822 misit
1638 2767 1707 2822 ab
1733 2768 1908 2822 annis.

423 2851 572 2907 Dum
599 2855 783 2910 stabat
806 2871 977 2925 regno
1001 2853 1295 2909 incolumis
1320 2869 1627 2924 regumque
1651 2854 1878 2922 vigebat

426 2940 700 3012 Oonciliis,
730 2947 787 2997 et
809 2959 910 2997 nos
936 2939 1158 3010 aliquod
1182 2956 1492 3009 nomenque
1518 2941 1793 3010 decusque

427 3027 724 3083 Gessimus.
797 3027 1017 3083 Invidia
1041 3030 1328 3096 postquam
1354 3027 1581 3095 pellacis
1606 3028 1829 3083 Ulixi—
2392 3028 2459 3082 90

426 3115 590 3170 Haud
612 3117 803 3186 ignota
825 3116 1306 3186 loquor—superis
1331 3118 1600 3172 concessit
1623 3117 1693 3172 ab
1720 3116 1845 3185 oris,

425 3203 701 3260 Adflictas
718 3204 888 3258 vitam
912 3202 973 3255 in
997 3202 1241 3255 tenebris
1266 3202 1527 3272 luctuque
1551 3203 1860 3271 trahebam,

426 3291 500 3346 Et
525 3308 708 3347 casum
733 3289 970 3346 insontis
992 3304 1208 3343 mecum
1232 3288 1563 3357 indignabar
1589 3289 1768 3344 amici.

323 3393 327 3398 ·
427 3377 547 3433 Nec
570 3379 717 3434 tacui
743 3378 986 3443 demenS‚
1016 3379 1075 3430 et
1096 3392 1203 3445 me,
1231 3376 1346 3430 fors
1371 3377 1417 3430 si
1443 3393 1552 3446 qua
1574 3376 1807 3443 tulisset,

428 3465 488 3520 Si
510 3467 721 3535 patrios
744 3480 1005 3535 umquam
1032 3479 1362 3517 remeassem
1388 3463 1567 3517 victor
1591 3462 1663 3517 ad
1688 3461 1888 3532 Argos,
2398 3463 2462 3516 95

431 3551 665 3605 Promisi
688 3551 942 3621 ultorem,
972 3555 1029 3604 et
1052 3549 1238 3604 verbis
1262 3548 1393 3604 odia
1417 3563 1611 3619 aspera
1632 3549 1800 3603 movi,
