2725 3917
1037 245 1213 294 VERG
1221 246 1310 294 ILI
1357 245 1685 295 AENEIDOS
1729 246 1769 295 L

381 406 728 475 Insequitur?
767 422 907 474 quae
934 407 1018 459 vis
1038 406 1373 459 immanibus
1400 406 1640 473 applicat
1667 406 1815 459 oris?

382 494 535 546 Tune
559 493 650 546 ille
678 493 910 561 Aeneae,
941 509 1104 561 quem
1128 492 1411 546 Dardanio
1440 492 1717 545 Anchisae
1782 561 1787 568 ,

382 578 549 633 Alma
574 579 768 632 Venus
792 578 1023 647 Phrygii
1047 580 1238 648 genuit
1264 578 1563 632 Simoentis
1589 578 1658 632 ad
1683 578 1924 632 undam?

382 666 568 733 Atque
594 665 844 733 equidem
872 664 1141 718 Teucrum
1165 665 1390 718 memini
1419 665 1624 718 Sidona
1648 664 1853 733 venire,

382 753 609 806 Finibus
634 753 919 821 expulsum
946 753 1155 821 patriiS,
1184 768 1330 805 nova
1354 767 1524 820 regna
1547 755 1829 819 petentem

382 837 609 892 Auxilio
634 838 788 906 Beli3
829 838 1048 906 genitor
1072 844 1191 891 tum
1218 837 1386 891 Belus
1413 838 1655 906 opimam

384 924 656 979 Vastabat
681 925 942 993 Cyprum,
973 928 1029 978 et
1058 925 1232 979 victor
1261 923 1479 978 dicione
1507 925 1746 980 tenebat.

382 1010 652 1080 Tempore
675 1011 787 1065 iam
812 1028 881 1065 ex
904 1011 999 1064 illo
1026 1027 1185 1065 casus
1209 1010 1345 1063 mihi
1372 1011 1627 1078 cognitus
1650 1011 1805 1065 urbis

382 1097 648 1152 Troianae
671 1114 984 1167 nomenque
1009 1102 1167 1150 tuum
1192 1113 1457 1164 regesque
1482 1097 1713 1166 Pelasgi.

381 1184 506 1253 Ipse
530 1184 705 1237 hostis
728 1183 967 1238 Teucros
990 1183 1192 1251 insigni
1215 1182 1380 1236 laude
1401 1183 1631 1254 ferebat,

381 1270 558 1338 Seque
583 1275 767 1324 ortum
791 1272 1019 1339 antiqua
1045 1270 1381 1325 Teucrorum
1408 1272 1479 1326 ab
1504 1272 1676 1341 stirpe
1701 1271 1937 1326 volebat.

380 1356 565 1421 Quare
590 1356 754 1424 agite,
784 1373 818 1410 o
842 1357 1017 1423 tectiS,
1048 1356 1287 1427 iuvenes,
1322 1359 1599 1413 succedite
1623 1359 1845 1412 nostris,

380 1441 471 1496 Me
497 1459 713 1512 quoque
737 1459 836 1512 per
860 1444 1062 1499 multos
1091 1445 1284 1499 similis
1308 1445 1534 1499 fortuna
1557 1445 1774 1499 labores

380 1530 647 1583 lactatam
671 1530 776 1585 hac
803 1530 1021 1585 demum
1049 1533 1228 1587 voluit
1255 1534 1553 1587 consistere
1579 1539 1743 1586 terra.

381 1615 508 1668 Non
534 1615 728 1685 ignara
742 1616 876 1671 mali
900 1619 1112 1672 miseris
1139 1635 1459 1674 succurrere
1484 1619 1691 1673 disce.”

380 1702 471 1756 Sic
495 1708 795 1772 memorat3
837 1704 997 1759 simul
1022 1706 1252 1761 Aenean
1276 1708 1337 1759 in
1361 1706 1516 1775 regia
1538 1705 1691 1759 ducit

379 1788 558 1860 Tecta,
589 1790 752 1844 simul
774 1791 962 1846 divom
989 1793 1211 1863 templis
1236 1793 1433 1847 indicit
1457 1793 1742 1846 honorem.

379 1879 499 1935 Nec
522 1882 705 1936 minus
732 1883 941 1937 interea
968 1882 1127 1937 sociis
1153 1881 1222 1936 ad
1247 1882 1412 1934 litora
1433 1879 1610 1933 mittit

379 1967 596 2037 Viginti
620 1974 825 2038 tauros,
854 1985 1184 2038 magnorum
1209 1967 1500 2021 horrentia
1523 1972 1745 2019 centum

378 2054 553 2124 Terga
576 2073 752 2124 sunm,
780 2057 1000 2125 pinguis
1027 2061 1248 2110 centum
1274 2071 1400 2107 cum
1425 2054 1695 2107 matribus
1720 2069 1904 2121 agnoe,

378 2140 611 2195 Munera
631 2142 1007 2210 laetitiamque
1032 2141 1127 2195 dii.

376 2226 458 2280 At
483 2227 679 2282 domus
701 2229 936 2282 interior
959 2227 1129 2296 regali
1155 2226 1442 2296 splendida
1463 2225 1596 2281 luxu

376 2315 690 2386 Instruitur,
717 2317 1019 2385 mediisque
1044 2319 1242 2384 parant
1267 2313 1522 2368 convivia
1545 2315 1734 2369 tectis:

378 2404 518 2456 Arte
540 2403 821 2459 laboratae
846 2408 1027 2457 vestes
1056 2406 1313 2470 ostroque
1341 2402 1595 2469 superbe,

378 2487 579 2558 Ingens
603 2496 890 2560 argentum
917 2488 1136 2560 menst,
1170 2487 1487 2555 caelataque
1511 2489 1568 2540 in
1595 2504 1731 2541 auro

376 2575 566 2630 Fortia
589 2577 735 2631 facta
759 2581 995 2645 patrum,
1024 2575 1192 2629 series
1216 2573 1536 2642 longissima
1558 2591 1744 2628 rerum

375 2659 484 2715 Per
508 2666 594 2717 tot
618 2661 785 2716 ducta
807 2662 953 2717 viros
979 2665 1237 2734 antiquae
1266 2665 1335 2718 ab
1361 2663 1580 2732 origine
1603 2663 1799 2732 gentis,
1889 2667 1914 2732 x

446 2749 915 2817 Aeneasqneque
930 2749 1085 2804 enim
1112 2750 1326 2819 patrius
1355 2750 1656 2804 consistere
1680 2755 1925 2803 mentem

375 2833 574 2888 Passus
596 2835 1071 2903 amor—rapidum
1094 2835 1169 2890 ad
1194 2836 1352 2889 navis
1378 2835 1688 2904 praemittit
1713 2836 1985 2906 Achaten,

376 2921 618 2975 Ascanio
642 2921 783 2976 ferat
803 2921 957 2989 haec,
986 2922 1274 2991 ipsumque
1301 2922 1373 2975 ad
1399 2922 1618 2977 moenia
1641 2922 1839 2977 ducat:

377 3008 570 3062 Omnis
593 3009 651 3062 in
677 3009 917 3063 Ascanio
943 3009 1056 3061 cari
1081 3013 1194 3063 stat
1218 3024 1352 3063 cura
1373 3011 1635 3078 parentis.

374 3093 607 3150 Munera
629 3101 929 3164 praeterea,
953 3093 1134 3149 Iliacis
1157 3100 1350 3164 erepta
1371 3096 1562 3165 ruiniS,

373 3181 539 3235 Ferre
563 3182 730 3251 iubet,
759 3182 961 3251 pallam
988 3181 1158 3250 signis
1183 3199 1426 3252 auroque
1446 3184 1737 3253 rigentem,

374 3266 447 3332 Et
471 3268 890 3322 circumtextum
917 3283 1112 3321 croceo
1137 3268 1386 3322 velamen
1414 3269 1668 3346 acanthO,

375 3354 616 3408 Ornatus
642 3353 883 3423 Argivae
910 3352 1169 3422 Helenae,
1199 3371 1335 3424 quos
1360 3355 1455 3408 illa
1476 3354 1740 3422 MyceniS,

372 3440 642 3509 Pergama
666 3458 789 3495 cum
814 3445 1032 3510 peteret
1055 3439 1507 3509 inconcessosque
1532 3440 1896 3510 HymenanS,

371 3525 674 3597 Extulerat,
701 3529 894 3581 matris
918 3525 1100 3580 Ledae
1124 3526 1375 3582 mirabile
1401 3527 1638 3594 donnm3

2313 760 2415 810 620

2312 1192 2412 1242 625

2310 1624 2411 1675 630

2309 2058 2407 2109 635

2307 2925 2407 2975 645

2306 3357 2410 3410 650
