2725 3917
1011 251 1287 302 VERGILI
1331 252 1665 302 AENEIDOS
1709 253 1749 302 I.

343 413 578 467 Exercet
602 412 705 467 sub
730 412 842 467 sole
864 412 1037 480 labor,
1067 430 1192 466 cum
1216 413 1398 481 gentis
1422 412 1643 467 adultos

340 499 601 554 Educunt
624 500 788 568 fetus,
817 504 913 553 aut
937 516 1062 553 cum
1085 499 1351 568 liquentia
1376 499 1541 553 mella

341 587 562 655 Stipant
586 590 643 639 et
668 585 815 639 dulci
842 584 1162 640 distendunt
1186 591 1411 639 nectare
1437 586 1620 654 cellaS,

341 672 459 725 Aut
483 689 656 726 onera
679 672 957 740 accipiunt
980 673 1301 726 venientum
1326 679 1424 727 aut
1448 674 1664 741 agmine
1690 674 1840 726 facto

339 758 610 827 Ignavum
634 758 789 812 fucos
811 775 980 827 pecus
1004 776 1037 813 a
1058 760 1448 828 praesaepibus
1473 765 1690 813 arcent:
2270 762 2374 813 435

340 843 545 898 Fervet
568 859 723 911 opus,
752 842 1111 911 redolentque
1135 842 1332 909 thymo
1354 841 1661 907 fragrantia
1684 839 1866 895 mella.

344 930 378 957 “
395 927 444 981 O
469 928 754 996 fortunati,
784 945 1015 996 quorum
1038 928 1149 981 iam
1172 926 1397 980 moenia
1418 926 1683 994 surgunt!
1713 924 1746 953 ’²

346 1012 565 1065 Aeneas
590 1012 684 1079 ait,
714 1017 772 1064 et
795 1010 1014 1078 fastigia
1040 1012 1269 1079 suspicit
1294 1012 1463 1065 urbis.

343 1098 523 1152 Infert
547 1114 605 1151 se
629 1103 851 1166 saeptus
873 1097 1400 1152 nebula—mirabile
1426 1096 1651 1152 dictu—

343 1184 450 1238 Per
474 1184 700 1253 medios,
728 1184 1031 1253 miscetque
1056 1185 1206 1252 viris,
1235 1200 1418 1252 neque
1443 1185 1687 1237 cernitur
1710 1184 1826 1239 ulli.
2272 1187 2375 1237 440

411 1271 593 1325 Lucus
617 1272 677 1323 in
702 1273 840 1324 urbe
864 1272 970 1324 fuit
994 1271 1191 1338 media,
1220 1270 1549 1324 laetissimus
1573 1272 1786 1341 umbra,

346 1357 466 1423 Quo
488 1360 728 1427 primum
754 1358 943 1412 iactati
966 1358 1130 1412 undis
1154 1362 1211 1412 et
1236 1358 1459 1411 turbine
1483 1357 1659 1413 Poeni

343 1444 602 1499 Effodere
625 1445 752 1499 loco
776 1445 1008 1513 signum,
1038 1444 1185 1514 quod
1210 1445 1360 1512 regia
1387 1444 1530 1498 Iuno

342 1530 697 1601 Monstrarat,
726 1538 893 1601 caput
918 1532 1058 1586 acris
1082 1532 1237 1601 equi:
1278 1532 1355 1585 sic
1380 1548 1510 1585 nam
1535 1531 1653 1586 fore
1678 1532 1823 1586 bello

342 1617 633 1686 Egregiam
660 1623 718 1672 et
741 1620 964 1672 facilem
988 1620 1142 1673 victu
1166 1636 1265 1688 per
1293 1618 1508 1672 saecula
1533 1624 1772 1687 gentem.
1799 1659 1816 1675 .
1865 1633 1874 1648 ‘
2269 1619 2373 1672 445

343 1704 449 1759 Hic
472 1705 744 1774 templum
768 1705 971 1759 Iunoni
995 1706 1191 1773 ingens
1216 1705 1443 1759 Sidonia
1467 1705 1615 1758 Dido

342 1789 647 1860 Condebat,
677 1791 839 1845 donis
865 1792 1189 1861 opulentum
1215 1797 1273 1845 et
1297 1792 1523 1845 numine
1549 1791 1724 1858 divae,

344 1877 525 1932 Aerea
548 1879 637 1932 cui
663 1878 922 1947 gradibus
947 1880 1246 1947 surgebant
1270 1878 1460 1931 limina
1484 1894 1767 1947 nexaeque

343 1963 489 2018 Aere
511 1966 712 2034 trabes,
736 1966 951 2020 foribus
975 1966 1144 2019 card’o
1169 1964 1441 2018 stridebat
1466 1966 1634 2019 aenis.

343 2050 466 2104 Huc
489 2051 726 2120 primum
751 2053 810 2105 in
832 2052 958 2106 luco
987 2070 1134 2107 nova
1158 2069 1247 2106 res
1272 2052 1458 2106 oblata
1481 2052 1738 2106 timorem
2267 2055 2371 2108 450

341 2137 536 2208 Leniit,
564 2138 657 2193 hic
681 2139 919 2207 primum
945 2139 1165 2194 Aeneas
1191 2156 1412 2208 sperare
1439 2138 1673 2193 salutem

340 2223 525 2278 Ausus
551 2231 608 2279 et
633 2225 867 2279 adflictis
889 2227 1088 2280 melius
1113 2226 1390 2280 confidere
1415 2227 1596 2281 rebus.

339 2310 592 2379 Namque
619 2312 720 2364 sub
744 2312 957 2379 ingenti
981 2313 1181 2367 lustrat
1205 2312 1336 2366 dum
1363 2313 1579 2382 singula
1603 2313 1827 2384 tempIO,

339 2397 607 2466 Reginam
634 2400 938 2468 opperiens,
968 2399 1115 2466 dum,
1147 2416 1285 2469 quae
1311 2399 1559 2455 Fortuna
1583 2402 1655 2454 sit
1680 2401 1821 2470 urbi,

341 2482 742 2552 Artificumque
764 2502 962 2539 manus
986 2486 1132 2540 inter
1158 2503 1216 2540 se
1242 2503 1580 2557 operumque
1605 2487 1856 2542 laborem
2265 2489 2368 2541 455

339 2570 589 2639 Miratur,
616 2569 773 2624 videt
796 2571 992 2626 Iliacas
1016 2589 1085 2626 ex
1112 2572 1304 2627 ordine
1330 2589 1544 2642 pugnas

340 2655 598 2725 Bellaque
622 2657 733 2711 iam
756 2657 910 2712 fama
932 2663 1110 2712 totum
1137 2659 1360 2729 volgata
1383 2676 1483 2728 per
1509 2660 1715 2727 orbem,

338 2743 580 2812 Atridas,
610 2743 1013 2814 Priamumque,
1044 2750 1099 2799 et
1124 2763 1348 2800 saevum
1378 2747 1645 2800 ambobus
1672 2746 1946 2801 Achillen.
2045 2745 2048 2750 '

339 2830 620 2899 Constitit,
649 2836 705 2884 et
728 2831 1021 2885 lacrimans
1061 2833 1096 2860 ‘⁴
1113 2831 1247 2898 Quis
1271 2832 1384 2886 iam
1408 2833 1620 2899 locus,”
1647 2834 1838 2902 inquit,
1876 2832 2157 2902 “Achate,

339 2916 489 2981 Quae
515 2917 670 2985 regio
694 2917 752 2970 in
775 2919 940 2971 terris
963 2920 1140 2972 nostri
1166 2935 1280 2972 non
1305 2919 1471 2987 plena
1495 2919 1734 2974 laboris?
2265 2924 2369 2974 460

337 3002 421 3056 En
444 3003 715 3057 Priamus,
791 3004 932 3058 Sunt
956 3005 1048 3059 hic
1075 3006 1241 3059 etiam
1270 3022 1368 3059 sua
1392 3007 1639 3074 praemia
1662 3006 1841 3075 laudi3

338 3089 478 3144 Sunt
499 3090 758 3144 lacrimae
782 3107 969 3145 rerum
993 3096 1050 3145 et
1073 3086 1318 3145 mentem
1342 3093 1600 3146 mortalia
1624 3098 1876 3161 tangunt.

336 3175 499 3230 Solve
522 3182 736 3244 metus3
774 3177 917 3232 feret
938 3176 1075 3232 haec
1100 3178 1337 3246 aliquam
1361 3178 1465 3231 tibi
1491 3179 1637 3233 fama
1662 3179 1947 3233 salutem.'’

310 3252 315 3256 ’
337 3262 426 3317 Sic
451 3264 546 3332 ait,
575 3270 743 3334 atque
770 3265 1011 3319 animum
1038 3266 1255 3333 pictura
1278 3266 1455 3333 pascit
1481 3266 1648 3334 inani,

335 3347 510 3404 Multa
532 3367 773 3419 gemens,
799 3351 1062 3419 largoque
1086 3356 1326 3407 umectat
1351 3352 1577 3406 flumine
1603 3353 1828 3406 voltum.
2267 3354 2368 3404 465

336 3425 591 3506 Namque
614 3436 856 3505 videbat,
885 3437 969 3489 uti
992 3437 1260 3492 bellantes
1284 3437 1557 3506 Pergama
1582 3438 1788 3492 circum

334 3515 459 3580 Μ
474 3522 742 3591 fugerent
768 3522 917 3591 Grai,
945 3528 1221 3591 premeret
1246 3523 1484 3578 Troiana
1506 3524 1782 3593 iuventuS,
