2725 3917
942 268 948 274 .
1009 220 1287 272 VERGILI
1331 221 1662 271 AENEIDOS
1703 221 1771 272 11.

371 380 582 453 Eripui‚
611 381 810 451 fateor,
837 382 955 437 leto
977 399 1083 451 me,
1113 387 1170 436 et
1195 382 1417 436 vincula
1440 382 1580 452 rupi,

372 469 704 539 Limosoque
727 469 851 523 lacu
875 486 974 539 per
998 474 1221 523 noctem
1249 470 1513 524 obscurus
1536 470 1595 523 in
1620 470 1751 524 ulva

371 557 599 626 Delitui,
627 556 760 610 dum
784 555 908 610 vela
929 556 1143 624 darent,
1169 557 1215 610 si
1241 558 1390 610 forte
1416 556 1714 612 dedissent.

371 642 492 698 Nec
514 642 653 697 mihi
675 644 786 697 iam
809 643 1049 712 patriam
1073 643 1358 712 antiquam
1385 660 1512 713 spes
1534 644 1647 698 ulla
1671 643 1910 712 videndi,

371 729 494 784 Nec
519 729 692 784 dulcis
716 734 879 783 natos
903 735 1336 799 exoptatumque
1361 736 1681 799 parentem3

373 817 526 882 Quos
548 816 630 870 illi
653 816 766 870 fors
792 821 848 870 et
871 832 1078 885 poenas
1103 817 1172 870 ob
1198 820 1390 870 nostra
1413 828 1705 885 reposcent

371 903 604 973 Effugia,
634 908 692 957 et
697 903 933 972 eulpam
957 903 1102 957 hanc
1127 903 1453 957 miserorum
1479 909 1661 958 morte
1687 890 1950 973 piabunt.

373 989 535 1057 Quod
560 996 617 1044 te
643 1007 742 1060 per
768 1006 998 1060 superos
1023 995 1078 1043 et
1105 990 1324 1044 conscia
1347 991 1576 1044 numina
1600 991 1733 1060 veri,

371 1075 495 1144 Per,
523 1077 570 1130 si
596 1094 703 1146 qua
728 1081 824 1145 est,
856 1093 994 1146 quae
1021 1081 1192 1130 restet
1216 1075 1399 1129 adhuc
1423 1076 1746 1131 mortalibus
1774 1093 2005 1146 usquam

371 1163 707 1218 Intemerata
730 1163 882 1233 fides,
912 1179 1025 1233 oro,
1053 1163 1310 1216 miserere
1334 1161 1589 1216 laborum

370 1251 688 1319 Tantorum,
715 1252 976 1305 miserere
1001 1250 1170 1303 animi
1192 1265 1308 1303 non
1333 1248 1498 1317 digna
1522 1250 1807 1305 ferentiS.”

442 1337 546 1391 His
568 1337 808 1391 lacrimis
832 1338 1004 1391 vitam
1033 1336 1241 1405 damus,
1274 1341 1332 1390 et
1354 1336 1756 1391 miserescimus
1783 1337 1946 1393 ultre.

371 1423 498 1493 Ipse
521 1424 644 1478 viro
668 1425 880 1494 primus
904 1423 1147 1478 manicas
1173 1427 1338 1496 atque
1365 1428 1486 1477 arta
1508 1422 1682 1478 levari

372 1512 576 1568 Vincla
597 1513 752 1567 iubet
775 1512 1041 1581 Priamus,
1071 1512 1341 1581 dictisque
1365 1512 1620 1580 itafatur
1643 1512 1861 1575 amicis:

276 1631 281 1635 ·
374 1601 409 1629 “
429 1600 688 1670 Quisquis
711 1616 785 1668 eS,
819 1600 1044 1654 amissos
1068 1600 1201 1655 hinc
1224 1600 1337 1654 iam
1361 1600 1685 1655 obliviscere
1706 1600 1933 1668 Graios3

371 1685 578 1742 Noster
604 1688 727 1756 eri3‚
755 1687 1001 1757 mihique
1025 1688 1163 1743 haec
1187 1690 1426 1744 edissere
1450 1706 1586 1744 vera
1606 1690 1858 1758 roganti:

372 1775 497 1840 Quo
521 1774 725 1828 molem
743 1774 887 1829 hanc
909 1774 1167 1830 immanis
1192 1777 1319 1845 equi
1343 1777 1622 1832 statuere?
1662 1776 1785 1844 quis
1808 1776 2039 1830 auctor?

372 1861 588 1926 Quidve
612 1862 846 1930 petunt?
884 1879 1024 1932 quae
1052 1863 1263 1932 religi0‚
1293 1868 1390 1918 aut
1410 1879 1550 1933 quae
1574 1861 1832 1917 machina
1856 1861 2019 1916 belli?
2042 1861 2076 1890 '³

370 1947 618 2003 Dixerat.
693 1948 809 2017 Ille,
840 1948 982 2003 dolis
1005 1950 1307 2004 instructus
1332 1955 1388 2003 et
1412 1955 1531 2004 arte
1556 1949 1799 2019 Pelasga,

369 2037 601 2094 Sustulit
629 2044 823 2094 exutas
846 2040 1042 2095 vinclis
1066 2040 1137 2095 ad
1163 2040 1339 2095 sidera
1361 2039 1599 2109 palmas:

374 2127 409 2155 ‘⁴
428 2124 563 2194 Vos,
592 2127 802 2180 aeterni
826 2127 996 2196 ignes,
1025 2133 1085 2183 et
1107 2144 1222 2182 non
1245 2126 1502 2181 violabile
1526 2133 1769 2183 vestrum

369 2211 566 2268 Testor
589 2232 795 2270 numen
815 2214 848 2244 '’
877 2216 1132 2283 ait,“vos
1157 2232 1282 2271 arae
1307 2233 1570 2286 ensesque
1594 2215 1839 2285 nefandi,

371 2299 523 2364 Quos
546 2301 677 2371 fugi,
706 2302 985 2372 vittaeque
1009 2301 1190 2372 deum,
1219 2319 1352 2372 quas
1375 2303 1559 2358 hostia
1580 2304 1755 2372 gessi:

368 2384 476 2441 Fas
498 2388 637 2441 mihi
662 2388 955 2444 Graiorum
982 2395 1195 2444 sacrata
1217 2390 1492 2445 resolvere
1515 2391 1653 2460 iura,

368 2471 476 2528 Fas
502 2474 681 2530 odisse
709 2476 870 2545 virOS,
901 2480 1066 2545 atque
1093 2477 1281 2531 omnia
1305 2478 1450 2531 ferre
1475 2479 1575 2533 sub
1600 2494 1775 2545 auras,

370 2560 430 2614 Si
456 2578 563 2630 qua
586 2567 814 2632 tegunt3
856 2568 1051 2617 teneor
1077 2563 1287 2632 patriae
1313 2580 1417 2619 nec
1441 2563 1653 2631 legibus
1678 2564 1821 2618 ullis.

368 2645 452 2721 Tu
475 2649 643 2705 modo
667 2649 948 2718 promissis
970 2666 1207 2720 maneas,
1236 2656 1559 2720 servataque
1582 2668 1765 2705 serves

368 2733 532 2790 Troia
554 2735 735 2806 fidem,
765 2738 810 2791 si
833 2753 965 2791 vera
987 2737 1176 2806 feram,
1205 2738 1251 2791 si
1275 2754 1476 2805 magna
1500 2736 1814 2806 rependam.

369 2821 563 2876 Omnis
588 2839 711 2893 spes
735 2821 986 2879 Danaum
1017 2829 1073 2879 et
1099 2824 1281 2893 coepti
1306 2823 1508 2880 fiducia
1532 2824 1662 2879 belli

366 2908 608 2963 Palladis
633 2911 850 2965 auxiliis
878 2928 1095 2980 semper
1122 2910 1297 2965 stetit.
1374 2911 1582 2980 Impius
1607 2928 1675 2965 ex
1702 2927 1811 2980 quo

367 2994 605 3063 Tydides
630 2996 727 3051 sed
752 2998 899 3051 enim
925 2998 1300 3067 scelerumque
1325 2998 1586 3056 inventor
1611 2996 1817 3093 Ulixes,

366 3083 555 3137 Fatale
581 3085 823 3153 aggressi
850 3089 1065 3154 sacrato
1091 3085 1329 3142 avellere
1354 3085 1598 3154 templo

365 3169 689 3240 Palladium,
720 3171 893 3225 caesis
919 3188 1163 3229 summae
1190 3172 1509 3226 custodibus
1534 3171 1689 3238 arcis,

366 3257 697 3326 Corripuere
723 3274 931 3312 sacram
958 3257 1209 3325 effigiem,
1237 3259 1601 3326 manibusque
1626 3256 1870 3311 cruentis

365 3344 663 3413 Virgineas
687 3344 807 3398 ausi
833 3344 994 3398 divae
1020 3344 1340 3411 contingere
1365 3345 1547 3412 vittas,

363 3429 450 3484 Ex
476 3432 571 3485 illo
597 3429 769 3485 fluere
790 3447 852 3485 ac
876 3435 1029 3484 retro
1056 3430 1313 3498 sublapsa
1336 3430 1532 3484 referri

366 3516 502 3587 Spes
523 3517 797 3586 Danaum,
823 3514 1034 3570 fractae
1059 3515 1216 3584 vires,
1245 3531 1440 3570 aversa
1462 3515 1598 3571 deae
1623 3531 1794 3571 mens,

2311 474 2411 526 135

2312 909 2411 960 140

2309 1342 2407 1394 145

2307 1780 2407 1832 150

2305 2216 2405 2270 155

2304 2654 2406 2708 160

2302 3087 2402 3140 165

2301 3517 2408 3578 1⁷0.

2489 3727 2707 3891 ,xl
