2725 3917
969 255 1245 306 VERGILI
1290 255 1622 305 AENEIDOS
1663 255 1756 305 ΠΙ.

357 417 530 484 Quam
555 414 724 470 semel
750 415 1045 470 informem
1069 420 1227 470 vasto
1252 416 1456 470 vidisse
1480 416 1581 469 sub
1605 421 1769 470 antro

355 503 591 571 Scyllam
618 507 675 557 et
699 501 967 581 caeruleis
992 502 1221 556 canibus
1244 502 1563 555 resonantia
1585 518 1733 556 saxa.

351 591 663 658 Praeterea,
690 588 738 643 si
763 606 871 659 qua
896 594 982 643 est
1006 588 1221 643 Heleno
1245 588 1555 658 prudentia,
1581 589 1699 643 vati

354 677 411 732 Si
435 693 542 747 qua
563 675 717 744 fides,
746 676 991 729 animum
1016 676 1065 729 si
1089 677 1234 730 veris
1256 675 1455 745 implet
1478 675 1704 745 Apollo,

352 764 539 818 Unum
563 762 698 816 illud
724 762 845 831 tibi,
869 766 1002 816 nate
1032 762 1151 831 dea,
1176 779 1390 831 proque
1414 763 1671 816 omnibus
1697 779 1870 816 unum

351 850 686 919 haedinam,
716 854 774 904 et
796 855 1052 920 repetens
1074 851 1388 919 iterumque
1411 851 1723 920 iterumque
1746 852 2016 907 monebo:

351 939 582 993 Iunonis
605 953 837 1006 magnae
861 938 1100 1007 primum
1125 953 1289 1006 prece
1314 954 1522 992 numen
1549 938 1750 1003 adora;

352 1026 554 1081 Iunoni
579 1041 714 1079 cane
737 1029 871 1078 vota
892 1024 1087 1094 libens,
1119 1025 1511 1094 dominamque
1536 1032 1823 1094 potentem

354 1112 703 1183 Supplicibus
726 1128 925 1181 supera
947 1111 1139 1165 donis:
1180 1112 1258 1165 sic
1282 1111 1519 1180 denique
1543 1113 1722 1167 victor

353 1200 637 1254 Trinacria
659 1199 786 1253 finis
808 1199 980 1254 Italos
1003 1201 1225 1255 mittere
1246 1201 1455 1255 relicta.

356 1289 479 1343 Huc
502 1288 601 1340 ubi
624 1287 837 1341 delatus
861 1287 1163 1342 Cumaeam
1190 1290 1485 1343 accesseris
1507 1289 1701 1343 urbem

356 1376 697 1443 Divinosque
720 1373 871 1428 lacus
896 1379 953 1429 et
975 1374 1205 1430 Averna
1232 1377 1488 1431 sonantia
1511 1376 1681 1444 silvis,

355 1463 613 1517 Insanam
639 1466 819 1516 vatem
846 1462 1093 1531 aspicies,
1124 1480 1264 1533 quae
1288 1480 1427 1532 rupe
1452 1465 1554 1518 sub
1575 1465 1690 1517 ima

354 1550 493 1604 Fata
516 1549 668 1603 canit
689 1548 950 1618 foliisque
971 1557 1134 1604 notas
1158 1555 1215 1605 et
1237 1552 1469 1605 nomina
1489 1551 1732 1605 mandat.

358 1637 745 1705 Quaecumque
768 1636 831 1689 in
853 1635 996 1690 foliis
1020 1637 1311 1708 descripsit
1336 1638 1581 1692 carmina
1603 1638 1777 1706 virgo,

356 1724 575 1792 Digerit
597 1728 657 1776 in
679 1740 971 1778 numerum
999 1728 1165 1793 atque
1192 1732 1353 1778 antro
1380 1724 1592 1779 seclusa
1621 1725 1897 1794 relinquit.

358 1810 462 1864 Illa
482 1814 710 1864 manent
734 1810 965 1865 immota
987 1811 1124 1865 locis
1148 1828 1328 1881 neque
1357 1814 1426 1865 ab
1452 1811 1648 1866 ordine
1673 1811 1907 1878 cedunt;

359 1897 573 1952 Verum
597 1897 804 1965 eadem,
832 1914 995 1951 verso
1021 1899 1202 1953 tenuis
1229 1915 1355 1953 cum
1384 1898 1607 1952 cardine
1632 1903 1832 1951 ventus

360 1984 585 2054 Impulit
609 1987 669 2038 et
690 1989 911 2038 teneras
929 1985 1176 2039 turbavit
1202 1986 1371 2039 ianua
1393 1985 1639 2053 frondes,

360 2071 676 2140 Numquam
701 2070 901 2124 deinde
925 2087 1062 2126 cavo
1087 2072 1382 2126 volitantia
1404 2071 1676 2141 prendere
1701 2088 1853 2140 saxO,

360 2159 478 2214 Nec
503 2176 764 2214 revocare
787 2160 926 2213 situs
949 2164 1046 2214 aut
1071 2160 1298 2228 iungere
1326 2159 1572 2213 carmina
1595 2164 1778 2213 curat:

360 2246 665 2300 Inconsulti
689 2246 911 2315 abeunt,
939 2246 1233 2315 sedemque
1261 2247 1431 2300 odere
1455 2246 1712 2313 Sibyllae.

361 2333 465 2388 Hic
489 2333 593 2388 tibi
618 2350 689 2387 ne
715 2350 824 2403 qua
848 2349 1034 2387 morae
1058 2333 1267 2389 fuerint
1293 2333 1584 2402 dispendia
1607 2334 1765 2402 tanti,

363 2421 626 2486 Quamvis
648 2421 981 2490 increpitent
1007 2421 1156 2489 socii,
1190 2426 1248 2475 et
1271 2421 1330 2474 vi
1358 2437 1550 2475 cursus
1576 2421 1634 2473 in
1659 2419 1833 2474 altum

362 2506 503 2561 Vela
526 2512 693 2561 vocet
715 2508 999 2576 possisque
1024 2508 1176 2560 sinus
1202 2506 1433 2575 implere
1460 2505 1745 2573 secundqs,

363 2595 510 2660 Quin
534 2597 700 2652 adeas
723 2603 907 2652 vatem
933 2598 1296 2667 precibusque
1323 2595 1546 2649 oracula
1569 2609 1765 2662 poscas

359 2682 486 2751 Ipsa
510 2691 685 2753 canat,
708 2702 1011 2754 vocemque
1034 2685 1228 2739 volens
1254 2689 1421 2752 atque
1451 2697 1551 2736 ora
1573 2679 1830 2734 resolvat.

361 2768 463 2824 Illa
485 2771 590 2825 tibi
614 2771 806 2826 Italiae
829 2771 1066 2841 populos
1092 2776 1432 2839 venturaque
1460 2767 1618 2836 bella,

360 2857 433 2911 Et
458 2876 567 2928 quo
593 2875 863 2928 quemque
886 2859 1053 2913 modo
1077 2859 1370 2928 fugiasque
1400 2859 1652 2925 ferasque
1676 2852 1936 2922 laborem,
1959 2919 1978 2928 ἡ

359 2944 649 3015 Expediet,
678 2963 979 3015 cursusque
1001 2946 1156 3000 dabit
1181 2949 1447 3000 venerata
1475 2940 1762 2996 secundos

360 3034 511 3087 Haec
536 3039 681 3101 sunt,
713 3049 851 3102 quae
875 3038 1069 3087 nostra
1090 3033 1255 3086 liceat
1282 3037 1337 3085 te
1363 3048 1500 3085 voce
1527 3029 1760 3083 moneri.

360 3119 520 3175 Vade
546 3137 661 3190 age,
693 3124 751 3174 et
772 3121 1055 3188 ingentem
1078 3120 1240 3173 factis
1260 3119 1346 3172 fer
1372 3118 1442 3171 ad
1469 3117 1696 3171 aethera
1721 3113 1999 3169 Troiam.”

430 3208 586 3274 Quae
610 3211 907 3276 postquam
933 3211 1087 3260 vates
1109 3205 1188 3258 sic
1213 3220 1311 3258 ore
1337 3204 1538 3257 effatus
1564 3203 1743 3256 amico
1768 3208 1869 3271 est,

360 3294 520 3350 Dona
545 3294 748 3348 dehinc
774 3310 910 3348 auro
934 3293 1123 3361 gravia
1146 3302 1408 3360 sectoque
1435 3290 1730 3359 elephanto

362 3379 607 3450 Imperat
633 3380 704 3436 ad
729 3380 886 3433 navis
909 3380 1054 3446 ferri,
1083 3380 1362 3448 stipatque
1388 3378 1589 3431 carinis

360 3465 565 3536 Ingens
588 3471 895 3536 argent-um,
925 3465 1362 3534 Dodonaeosque
1387 3465 1614 3533 lebetae,

356 3549 614 3612 laicam
638 3556 951 3607 consertam
974 3551 1152 3606 hamis
1175 3568 1419 3620 auroque
1444 3551 1695 3618 trilicem,

2285 2074 2392 2124 450

2290 2508 2394 2559 455

2291 2944 2398 2993 460

2294 3374 2400 3427 465
