2725 3917
957 250 1235 303 mem
1276 246 1609 302 minimos
1651 246 1718 298 Π.

325 420 468 477 Talis
492 420 550 474 in
570 418 736 473 hoste
756 416 863 471 fuit
885 415 1109 469 Priamo
1129 431 1143 481 3
1184 410 1279 465 sed
1306 410 1430 463 iura
1451 407 1727 477 fidemque

322 507 594 577 Supplicia
620 505 856 572 erubuit,
884 516 1191 570 corpusque
1216 513 1493 565 exsangue
1518 494 1771 564 sepulcro

319 593 587 649 Reddidit
611 592 967 657 Hectoreum,
995 603 1191 656 meque
1214 586 1275 638 in
1302 597 1428 637 mea
1449 597 1622 650 regna
1646 579 1911 634 remisit.”

321 682 410 736 Sic
433 683 587 736 fatus
611 680 809 747 senior,
838 676 1117 743 telumque
1138 671 1361 725 imbelle
1384 670 1504 723 sine
1529 670 1643 722 ictu

322 768 589 834 Coniecit,
619 782 788 820 rauco
812 762 960 832 quod
985 761 1239 831 protinus
1263 773 1391 812 aere
1415 754 1696 824 repulsum

318 855 392 909 Et
416 870 635 911 summo
661 851 822 920 clipei
844 849 1177 919 nequiquam
1205 845 1444 899 umbone
1467 840 1744 911 pependit.

322 942 422 995 Oui
447 941 729 1008 Pyrrhus:
773 939 808 967 ‘⁴
827 936 1056 991 Referes
1080 950 1214 1003 ergo
1236 932 1375 986 haec
1399 935 1456 984 et
1480 928 1705 982 nuntius
1728 926 1833 982 ibis

318 1028 551 1083 Pelidae
574 1025 841 1095 genitori3
881 1023 964 1077 illi
986 1038 1115 1076 mea
1137 1019 1321 1075 tristia
1343 1018 1496 1071 facta

320 1117 777 1186 Degeneremque
801 1110 1230 1180 Neoptolemum
1255 1121 1484 1161 narrare
1505 1105 1805 1160 memento.

320 1204 486 1259 Nunc
508 1201 782 1258 morere.”
854 1199 978 1253 Hoc
1000 1197 1190 1251 dicens
1219 1194 1416 1249 altaria
1438 1192 1510 1246 ad
1532 1192 1654 1259 ipsa
1675 1192 2008 1246 trementem

321 1292 516 1346 Traxit
542 1296 600 1344 et
622 1292 684 1343 in
708 1288 886 1342 multo
906 1286 1215 1355 lapsantem
1245 1281 1511 1350 sanguine
1533 1278 1668 1345 nati,

321 1378 715 1448 Implicuitqne
738 1392 953 1430 comam
976 1375 1149 1440 laeva,
1177 1371 1482 1436 dextraque
1507 1380 1798 1422 coruscum

320 1466 543 1520 Extulit
569 1482 631 1519 ac
654 1464 818 1519 lateri
842 1462 1040 1531 capulo
1060 1465 1227 1514 tenus
1252 1455 1468 1511 abdidit
1493 1469 1697 1507 ensem.

323 1552 478 1607 Haec
502 1551 634 1605 finis
659 1551 866 1604 Priami
890 1550 1134 1602 fatorum
1157 1564 1170 1613 3
1209 1544 1302 1597 hio
1327 1542 1509 1596 exitus
1531 1539 1690 1593 illum

323 1640 487 1694 Sorte
511 1638 661 1707 tulit,
689 1637 911 1692 Troiam
932 1638 1217 1690 incensam
1242 1638 1301 1687 et
1323 1629 1583 1701 prolapsa
1603 1625 1887 1680 videntem

322 1727 614 1796 Pergama,
641 1731 728 1779 tot
752 1724 1031 1793 quondam
1055 1721 1275 1792 populis
1298 1718 1572 1784 terrisque
1595 1712 1894 1782 superbum

322 1814 701 1883 Regnatorem
727 1812 911 1867 Asiae.
984 1811 1140 1865 Iacet
1168 1811 1364 1878 ingens
1391 1808 1555 1861 litore
1579 1812 1823 1872 truncus,

324 1901 710 1969 Avulsumque
734 1900 941 1953 umeris
964 1902 1145 1967 caput,
1176 1902 1233 1950 et
1258 1896 1376 1949 sine
1399 1894 1628 1948 nomine
1654 1909 1869 1960 corpus.

396 1989 480 2041 At
502 2004 596 2041 me
619 1992 740 2041 tum
762 1987 1002 2055 primum
1025 2000 1224 2038 saevus
1247 1982 1614 2037 circumstetit
1640 1979 1853 2034 horror.

324 2074 589 2143 Obstipui
608 2093 622 2141 3
663 2074 830 2128 subiit
854 2073 965 2128 cari
989 2071 1258 2140 genitoris
1278 2070 1479 2138 imago,

323 2161 401 2216 Ut
426 2178 620 2230 regem
644 2177 984 2229 aequaevum
1009 2158 1219 2213 crudeli
1237 2158 1466 2211 volnere
1494 2155 1609 2210 vidi

323 2247 522 2303 Vitam
550 2248 900 2303 exhalantem
920 2266 934 2316 3
973 2247 1145 2301 subiit
1166 2244 1388 2299 deserta
1411 2243 1634 2311 Creusa,

321 2334 396 2389 Et
419 2336 649 2404 direpta
671 2334 883 2403 domus,
912 2339 970 2387 et
993 2334 1154 2402 parvi
1179 2350 1334 2388 casus
1358 2333 1482 2387 Iuli.

322 2422 604 2491 Respicio‚
634 2426 704 2489 et,
734 2438 874 2490 quae
900 2421 973 2474 sit
995 2437 1086 2474 me
1110 2420 1318 2474 circum
1345 2420 1520 2489 copia,
1540 2420 1731 2473 lustro·

321 2508 637 2564 Deseruere
663 2524 855 2562 omnes
877 2507 1090 2575 defessi,
1118 2511 1175 2560 et
1199 2523 1437 2575 corpora
1462 2506 1605 2560 saltu

322 2597 420 2651 Ad
442 2603 655 2651 terram
680 2596 881 2649 misere
905 2599 999 2650 aut
1022 2594 1242 2662 ignibus
1268 2607 1434 2663 aegra
1455 2593 1673 2647 dedere.

394 2684 629 2751 Iamque
654 2683 792 2738 adeo
817 2698 982 2752 super
1003 2698 1148 2736 unus
1173 2697 1341 2750 eram,
1371 2698 1497 2735 cum
1521 2680 1712 2734 limina
1740 2673 1945 2736 Vestae

321 2772 660 2826 Servantem
686 2775 743 2824 et
765 2771 995 2824 tacitam
1020 2774 1232 2825 secreta
1262 2771 1322 2824 in
1348 2768 1479 2823 sede
1501 2769 1767 2822 latentem

323 2857 649 2924 Tyndarida
672 2856 907 2925 aspicio:
948 2857 1085 2912 dant
1113 2857 1261 2912 clara
1283 2856 1541 2912 incendia
1564 2856 1745 2910 lucem

320 2944 555 2998 Erranti
578 2943 890 3013 passimque
915 2944 1102 2998 oculos
1126 2962 1227 3014 per
1252 2949 1455 2999 cuncta
1476 2944 1696 2997 ferenti.

323 3032 429 3085 Illa
452 3031 564 3085 sibi
586 3031 820 3085 infestos
845 3048 1036 3086 eversa
1069 3033 1142 3086 ob
1167 3032 1441 3100 Pergama
1464 3030 1704 3085 Teucros

321 3119 397 3173 Et
421 3134 638 3187 poenas
660 3117 915 3172 Danaum
942 3123 999 3172 et
1023 3119 1226 3173 deserti
1250 3119 1500 3186 coniugis
1523 3118 1634 3171 iras

321 3205 744 3273 Praemetuens,
774 3203 972 3260 Troiae
1002 3210 1059 3259 et
1086 3206 1298 3275 patriae
1320 3206 1631 3259 communis
1654 3204 1871 3272 Erinys,

320 3292 648 3347 Abdiderat
672 3309 791 3346 sese
818 3297 985 3361 atque
1009 3293 1118 3347 aris
1140 3293 1319 3346 invisa
1342 3292 1584 3346 sedebat.

322 3379 598 3436 Exarsere
624 3380 781 3448 ignes
805 3380 1022 3446 anim03
1060 3380 1212 3434 subit
1234 3381 1318 3434 ira
1341 3379 1631 3434 cadentem

322 3463 539 3524 ulcisci
559 3467 802 3536 patriam
827 3472 883 3520 et
908 3466 1197 3521 sceleratas
1221 3482 1437 3522 sumere
1460 3481 1684 3535 poenas.

292 3549 721 3634 'mathaee
747 3552 1003 3622 Spartam
1026 3553 1317 3608 incolumis
1341 3552 1655 3623 patriasque
1678 3550 1940 3618 Mycenas

2254 1188 2359 1240 550

2258 1623 2361 1676 555

2257 2063 2365 2115 560

2259 2503 2363 2556 565

2262 2938 2366 2996 570

2263 3372 2367 3429 575
