2725 3917
1067 247 1342 298 VERGILI
1387 248 1522 297 AEN
1527 247 1719 297 EIDOS
1763 247 1853 296 VI.

369 387 391 516 ἶ
446 410 567 464 Hae
589 408 861 477 linquunt,
889 407 1018 462 illae
1042 409 1209 462 remis
1232 408 1377 463 vada
1399 409 1571 462 livida
1597 409 1863 463 verrunt?
1885 407 1917 437 ”

434 497 557 549 vOlli
582 496 661 550 sio
685 495 931 549 breviter
952 495 1073 549 fata
1097 501 1182 549 est
1205 495 1476 563 longaeva
1500 494 1784 548 sacerdos:

450 584 485 613 “
502 582 751 636 Anchisa
773 587 1047 650 generate,
1078 581 1241 635 deum
1268 582 1573 636 certissima
1598 580 1796 649 proleS,

448 669 645 737 Cocyti
670 674 863 737 stagna
888 668 1001 721 alta
1027 668 1179 723 vides
1205 669 1564 737 Stygiamque
1590 667 1863 737 paludem,

446 756 519 809 Di
546 757 701 811 cuius
724 755 906 809 iurare
932 755 1136 808 timent
1160 759 1218 809 et
1242 754 1433 809 fallere
1460 770 1680 808 numen.

447 844 599 898 Haec
624 844 817 912 omnis,
846 860 1011 912 quam
1036 843 1235 910 cernis,
1262 842 1425 910 inops
1449 841 1844 909 inhumataque
1872 842 2035 896 turba
2060 847 2172 910 est3

446 928 698 983 Portitor
721 928 815 982 ille
842 929 1100 997 Chai-0113
1139 927 1214 996 hi,
1244 944 1386 996 quos
1412 927 1566 980 vehit
1590 926 1755 992 unda,
1787 927 2006 995 sepulti.

447 1015 567 1069 Nec
592 1016 739 1084 ripas
762 1015 925 1069 datur
948 1015 1254 1069 horrendas
1278 1018 1337 1067 et
1360 1029 1527 1067 rauca
1551 1013 1759 1066 fluenta

447 1102 845 1171 Transportare
869 1101 1037 1170 prius,
1068 1118 1230 1170 quam
1257 1100 1479 1154 sedibus
1505 1117 1627 1154 ossa
1655 1100 1927 1168 quierunt.

451 1190 685 1243 Centum
713 1192 901 1242 errant
926 1205 1103 1242 annos
1126 1188 1469 1255 volitantque
1493 1187 1630 1241 haec
1654 1187 1818 1240 litora
1842 1188 2075 1255 circum3

448 1275 588 1329 Tum
612 1277 833 1330 demum
859 1276 1084 1330 admissi
1109 1279 1303 1342 stagna
1326 1277 1590 1341 exoptata
1613 1274 1918 1327 revisunt.”

449 1363 716 1417 Constitit
742 1363 995 1417 Anchisa
1018 1367 1169 1415 satus
1194 1366 1252 1415 et
1281 1361 1513 1428 vestigia
1540 1361 1750 1428 pressit,

448 1449 626 1514 Multa
647 1454 866 1519 putanS,
896 1455 1209 1517 sortemque
1238 1448 1424 1502 animo
1449 1448 1741 1502 miseratus
1768 1449 2031 1517 iniquam.

449 1536 643 1590 Cernit
665 1537 744 1590 ibi
770 1542 1010 1590 maestos
1037 1540 1093 1589 et
1118 1535 1313 1589 mortis
1337 1534 1548 1588 honore
1575 1535 1814 1588 carentis

447 1623 769 1693 Leucaspim
796 1629 855 1677 et
880 1624 1080 1690 Lyciae
1104 1621 1394 1675 ductorem
1421 1621 1607 1675 classis
1633 1621 1901 1688 Oronten,

450 1711 601 1776 Quos
625 1711 786 1765 simul
811 1728 845 1765 a
867 1709 1032 1764 Troia
1055 1713 1290 1764 ventosa
1313 1725 1414 1777 per
1439 1725 1678 1777 aequora
1703 1715 1895 1763 vectos

450 1796 653 1852 Obruit
678 1799 899 1864 Auster,
928 1813 1068 1865 aqua
1092 1796 1390 1850 involvens
1413 1811 1721 1864 navemque
1749 1796 2018 1864 virosque.

517 1884 661 1938 Ecce
686 1884 1022 1952 gubernator
1048 1900 1166 1937 sese
1190 1883 1484 1937 Palinurus
1510 1884 1722 1952 agebat,

450 1970 557 2035 Qui
581 1971 787 2038 Libyco
812 1987 987 2038 nuper
1014 1987 1192 2039 cursu,
1221 1971 1355 2024 dum
1382 1970 1563 2025 sidera
1588 1975 1786 2038 servat,

447 2056 743 2110 Exciderat
766 2057 938 2124 puppi
965 2056 1163 2109 mediis
1188 2057 1397 2109 effusus
1415 2058 1471 2109 in
1503 2057 1680 2111 undiS.

448 2142 613 2196 Hunc
637 2142 733 2195 ubi
764 2143 853 2195 vix
877 2142 1055 2195 multa
1077 2147 1348 2196 maestum
1373 2144 1637 2210 cognovit
1662 2143 1719 2195 in
1747 2143 1959 2211 umbra,

449 2228 540 2281 Sic
564 2229 716 2297 prior
741 2227 1084 2295 adloquitur:
1130 2229 1164 2257 “
1190 2228 1328 2293 Quis
1352 2233 1426 2294 te,
1454 2228 1732 2297 Palinure,
1763 2230 1993 2283 deorum

447 2314 667 2383 Eripuit
690 2313 867 2384 πὲρ-ῥίς,
897 2314 1190 2382 medioque
1215 2315 1314 2368 sub
1343 2331 1580 2384 aequore
1606 2299 1909 2371 mersit‘s‘

446 2402 551 2455 Dic
576 2417 693 2469 age.
768 2400 1023 2469 Namque
1048 2401 1203 2470 mihi,
1231 2401 1404 2456 fallax
1427 2402 1577 2457 haud
1605 2412 1734 2458 ante
1760 2408 2028 2472 repertus,

446 2489 569 2542 Hoc
592 2505 705 2541 uno
730 2505 998 2558 responso
1024 2489 1271 2543 animum
1296 2490 1496 2544 delusit
1524 2491 1745 2560 Apollo,

447 2576 554 2641 Qui
581 2577 700 2629 fore
726 2581 782 2629 te
806 2579 985 2644 ponto
1005 2576 1357 2647 incolumem,
1390 2577 1619 2647 finisque
1645 2578 1879 2636 canebat

446 2662 765 2717 Venturum
788 2663 1089 2718 AusoniOS.
1162 2664 1250 2717 En
1274 2665 1412 2718 haec
1438 2666 1709 2734 promissa
1735 2665 1871 2718 fides
1896 2663 2017 2718 est?
2039 2662 2072 2691 ”

445 2749 546 2803 Ille
573 2754 792 2804 autem:
842 2750 1092 2819 “Neque
1118 2756 1174 2805 te
1199 2750 1412 2805 Phoebi
1439 2752 1655 2806 cortina
1678 2751 1893 2820 fefellit,

445 2836 575 2889 Dux
599 2836 956 2906 Anchisiade,
985 2854 1088 2891 nec
1113 2854 1201 2892 me
1228 2838 1361 2892 deus
1388 2855 1623 2908 aequore
1647 2840 1853 2892 mersit.

445 2923 699 2992 Namque
724 2925 1117 2992 gubernaclum
1140 2925 1317 2979 multa
1341 2926 1398 2978 vi
1422 2926 1568 2979 forte
1594 2926 1890 2994 revulsum,

447 3011 549 3063 Cui
574 3010 736 3088 datus
762 3010 1054 3065 haerebam
1085 3016 1267 3066 cust-os
1291 3028 1593 3081 cursusque
1617 3013 1889 3081 regebam,

445 3096 825 3165 Praecipitans
845 3098 990 3151 traxi
1018 3114 1247 3152 mecum.
1321 3098 1498 3153 Maria
1522 3115 1719 3167 aspera
1739 3099 1878 3167 iuro,

446 3170 772 3238 Non'ullum
797 3200 900 3252 pro
926 3200 1014 3237 me
1039 3188 1257 3238 tantum
1283 3185 1494 3254 cepisse
1519 3185 1795 3253 timorem,

446 3271 623 3336 Quam
647 3275 744 3325 tua
768 3288 855 3338 ne,
886 3270 1121 3339 spoliata
1146 3272 1328 3337 armis,
1360 3288 1590 3326 excussa
1614 3273 1896 3341 magistro,

444 3358 720 3413 Deficeret
744 3358 914 3412 tantis
941 3357 1096 3410 navis
1122 3358 1474 3426 surgentibus
1499 3358 1679 3413 undis.

444 3444 564 3510 Tris
588 3444 771 3500 Notus
796 3445 1053 3498 hibernas
1078 3444 1347 3499 immensa
1371 3462 1471 3513 per
1497 3461 1738 3514 aequora
1760 3450 1952 3499 noctes

445 3530 620 3585 Vexit
643 3548 734 3586 me
760 3531 1034 3586 violentus
1059 3547 1201 3599 aqua
1222 3549 1235 3598 3
1277 3531 1371 3585 vix
1396 3531 1607 3585 lumine
1632 3538 1831 3600 quarto

2380 410 2481 462 320

2378 1275 2481 1326 330

2379 1709 2479 1761 335

2379 2143 2481 2196 340

2374 2578 2473 2630 345

2377 3014 2479 3066 350

2376 3445 2478 3498 355
