2725 3917
916 260 1191 310 VERGILI
1234 259 1566 310 AENEIDOS
1609 261 1701 311 IV.

295 420 418 475 Stat
441 420 661 489 sonipes
687 437 751 474 ac
773 420 931 474 frena
951 420 1112 474 ferox
1136 422 1450 488 spumantia
1474 421 1702 474 mandit.
2225 423 2325 473 135

295 507 537 560 Tandem
561 507 1138 575 progreditur,magna
1162 508 1404 575 stipante
1430 512 1667 575 caterva,
1835 503 1850 514 ⁸

295 594 576 647 Sidoniam
601 595 752 662 picto
777 593 1122 659 chlamydem
1149 594 1491 647 circumdata
1513 594 1703 660 limbo·

296 680 397 734 Oui
421 681 690 749 pharetra
712 696 781 733 ex
805 696 954 746 aum,
984 681 1161 738 crines
1187 681 1466 735 nodantur
1490 682 1546 733 in
1574 697 1785 749 aurum,

294 767 482 820 Aurea
504 756 841 835 purpuream
867 767 1143 820 subnectit
1164 766 1333 820 fibula
1357 774 1583 821 vestem.

295 853 412 907 Nec
437 869 550 905 non
577 857 634 905 et
657 851 885 919 Phrygii
911 852 1141 906 comites
1166 858 1223 905 et
1247 853 1426 906 laetus
1452 854 1601 906 Iulus
2225 857 2326 906 140

296 939 580 992 Incedunt.
655 937 781 1006 Ipse
805 943 935 991 ante
962 939 1100 991 alios
1120 939 1524 1006 pulcherrimus
1550 940 1730 992 omnis

293 1025 472 1077 Infert
495 1041 553 1077 se
578 1024 788 1077 socium
813 1024 1032 1078 Aeneas
1057 1030 1222 1093 atque
1248 1026 1469 1093 agmina
1493 1026 1688 1094 iungit.

297 1111 487 1175 Qualis
505 1111 597 1163 ubi
622 1110 909 1164 hibernam
937 1111 1164 1177 Lyciam
1189 1110 1510 1180 Xanthique
1534 1112 1744 1166 fluenta

295 1197 515 1251 Deserit
540 1213 604 1250 ac
626 1196 827 1250 Delum
856 1202 1161 1251 maternam
1186 1198 1379 1251 invisit
1407 1199 1608 1267 Apollo

295 1284 680 1352 Iustam-atque
705 1284 917 1352 chor-oe,
945 1284 1214 1352 mixtique
1241 1285 1438 1339 altaria
1463 1287 1670 1339 circum
2224 1288 2325 1339 145

298 1371 596 1439 Cretesque
620 1370 982 1439 Dryopesque
1008 1372 1258 1424 fremunt
1284 1374 1531 1441 pictique
1557 1372 1889 1440 Agathyrsi3

297 1455 420 1525 Ipse
442 1457 586 1525 iugis
612 1457 819 1524 Cynthi
844 1457 1108 1527 graditur,
1140 1459 1403 1528 mollique
1426 1460 1689 1513 fluentem

297 1542 516 1598 Fronde
528 1544 742 1612 premit
766 1529 1212 1613 crinem—'fingens
1239 1552 1403 1614 atque
1427 1546 1672 1614 implicat
1696 1562 1859 1613 ειη-ος

299 1630 425 1684 Tela
449 1635 650 1685 sonant
672 1631 911 1684 umeris:
951 1631 1099 1685 haud
1124 1633 1221 1686 illo
1245 1634 1464 1701 segnior
1487 1634 1605 1686 ibat

299 1718 529 1788 Aeneas,
569 1723 787 1772 tantum
828 1720 1049 1788 egregio
1076 1720 1244 1773 decus
1270 1721 1445 1773 enitet
1472 1736 1583 1773 ore.
2223 1721 2325 1772 150

366 1805 663 1874 Postquam
691 1805 833 1860 altos
858 1812 1083 1860 ventum
1111 1808 1169 1859 in
1193 1808 1400 1860 montis
1426 1812 1591 1873 atque
1616 1806 1767 1858 invia
1791 1805 1981 1872 lustra,

298 1890 439 1945 Ecce
462 1893 631 1961 ferae,
658 1894 775 1947 saxi
802 1894 1046 1948 deiectae
1072 1895 1296 1961 vertice,
1327 1909 1524 1960 caprae

298 1978 601 2034 Decurrere
624 1980 766 2049 iugis
785 1999 817 2047 ς,
839 1980 947 2050 alia
969 1980 1037 2033 de
1061 1967 1221 2049 parte
1243 1980 1490 2048 patentis

300 2064 699 2120 Transmittunt
725 2083 886 2120 cursu
912 2082 1137 2135 campos
1161 2072 1325 2135 atque
1350 2067 1571 2134 agmina
1595 2066 1744 2119 cervi

299 2150 689 2207 Pulverulenta
713 2154 845 2223 fuga
867 2152 1176 2221 glomerant
1198 2154 1517 2221 montisque
1544 2153 1880 2221 relinquunt.
2226 2153 2346 2204 155·

298 2237 375 2291 At
399 2256 539 2307 puer
561 2239 836 2294 Ascanius
859 2240 1057 2294 mediis
1081 2241 1140 2293 in
1164 2240 1402 2294 vallibus
1428 2240 1540 2293 acri

238 2324 516 2400 Qaudet
539 2344 694 2395 equo,
721 2328 940 2397 iamque
967 2327 1070 2381 hos
1096 2344 1275 2396 cursu,
1302 2328 1413 2381 iam
1440 2329 1704 2395 praeterit
1728 2327 1867 2393 illos,

282 2404 763 2483 'Spumantemque
787 2414 908 2468 dari
932 2431 1136 2483 pecora
1162 2415 1309 2468 inter
1335 2415 1537 2468 inertia
1561 2414 1707 2466 votis

242 2551 249 2562 ,
297 2500 470 2569 Optat
494 2518 709 2570 aprum,
738 2506 835 2555 aut
859 2501 1074 2554 fulvum
1101 2501 1434 2555 descendere
1459 2506 1649 2553 monte
1676 2500 1909 2555 leonem.

294 2586 519 2642 Interea
539 2604 742 2656 magno
768 2588 986 2642 misceri
1009 2605 1293 2641 murmure
1317 2587 1531 2642 caelum
2226 2589 2327 2641 160

290 2673 529 2743 Incipit3
566 2674 878 2744 insequitur
902 2675 1201 2729 commixta
1225 2675 1496 2743 grandine
1518 2674 1766 2741 nimbus3

291 2760 367 2813 Et
391 2760 548 2827 Tyrii
572 2762 804 2815 comites
827 2760 1030 2830 passim
1056 2766 1113 2814 et
1140 2762 1376 2815 Troiana
1401 2762 1659 2814 iuventus

290 2846 713 2916 Dardaniusque
737 2864 910 2915 nepos
934 2847 1172 2902 Veneris
1199 2849 1416 2902 diversa
1441 2865 1542 2916 per
1568 2864 1730 2915 agros

292 2934 461 2988 Tecta
482 2939 639 2987 metu
662 2933 873 3002 petiere
893 2952 907 3000 3
946 2939 1115 2987 ruunt
1132 2934 1207 3000 fide
1231 2935 1515 2988 montibus
1540 2950 1743 2988 amnes

291 3020 621 3089 Speluncam
645 3019 796 3073 Dido
821 3020 934 3072 dux
958 3025 1016 3073 et
1044 3020 1314 3074 Tr‘oianus
1340 3021 1568 3075 eandem
2228 3022 2327 3073 165

288 3107 627 3161 Deveniunt.
701 3106 897 3159 Prima
920 3111 975 3159 et
1000 3106 1184 3160 Tellus
1210 3113 1265 3160 et
1289 3108 1545 3176 pronuba
1568 3106 1711 3160 Iuno

289 3193 440 3248 Dant
465 3195 682 3262 signum
704 3211 718 3261 3
758 3193 960 3245 fulsere
984 3192 1140 3261 ignes
1164 3198 1221 3246 et
1247 3193 1502 3246 conscius
1527 3194 1721 3247 aether

290 3279 573 3349 Conubiis,
603 3295 932 3347 summoque
958 3276 1238 3332 ulularunt
1263 3280 1473 3333 vertice
1499 3278 1811 3348 Nymphae.

286 3366 389 3421 Ille
411 3367 531 3421 dies
553 3367 774 3436 primus
800 3365 899 3418 leti
923 3366 1237 3434 primusque
1259 3365 1531 3419 malorum

287 3452 469 3510 Cam
484 3454 629 3519 suit;
670 3467 858 3520 neque
884 3451 1029 3504 enim
1055 3453 1235 3520 specie
1253 3453 1474 3523 famave
1499 3457 1755 3504 movetur
2228 3449 2331 3506 170

278 3537 409 3600 H&
424 3540 543 3600 inm
566 3540 846 3596 furtivum
871 3536 1021 3591 Dido
1042 3538 1343 3593 meditatur
1368 3553 1643 3614 amorem3
