2725 3917
945 255 1223 307 VERGILI
1267 256 1597 307 AENEIDOS
1641 256 1703 307 V.

309 417 383 471 Et
406 417 568 472 simul
594 418 681 471 his
706 418 869 471 dictis
891 419 1090 472 taciem
1116 420 1432 473 ostentabat
1456 424 1513 472 et
1539 418 1649 472 udo

310 505 515 574 Turpia
538 507 790 560 membra
813 506 961 560 fimo.
1038 506 1183 559 Risit
1207 513 1371 584 pater
1396 507 1637 575 optimus
1663 505 1773 574 olli,

312 592 385 645 Et
409 594 644 661 clipeum
673 593 861 646 efferri
884 593 1059 660 iussit,
1088 593 1455 660 Didymaonis
1480 594 1631 660 artis,

314 678 557 748 Neptuni
583 696 741 733 sacro
765 680 969 733 Danais
993 680 1063 733 de
1081 689 1237 748 poste
1261 680 1511 733 refixum.

314 765 434 819 Hoc
456 766 717 819 iuvenem
742 767 1021 834 egregium
1048 767 1352 834 praoetanti
1380 783 1610 818 munere
1635 765 1823 820 donat.

380 852 532 920 Post,
563 853 658 906 ubi
685 851 924 905 confecti
951 868 1157 919 cursus,
1191 858 1249 905 et
1273 852 1419 905 dona
1442 852 1686 919 peregit:

317 942 350 968 “
369 939 547 1007 Nunc,
578 940 623 991 si
649 938 737 992 cui
775 938 951 991 virtus
975 940 1296 1007 animusque
1320 940 1380 991 in
1405 945 1628 1007 pectore
1653 955 1925 1007 praesens,

315 1025 493 1092 Adsit,
523 1030 580 1078 et
606 1025 837 1078 evinctis
863 1024 1081 1079 attollat
1105 1025 1360 1079 bracchia
1383 1025 1634 1093 palmi5.'’

315 1112 402 1165 Sic
422 1112 512 1178 ait,
542 1117 598 1165 et
622 1112 902 1179 geminum
927 1128 1144 1179 pugnae
1168 1112 1429 1180 proponit
1456 1110 1739 1180 honorem,

315 1199 531 1253 Victori
556 1199 798 1252 velatum
823 1215 961 1252 auro
984 1199 1245 1267 vittisque
1269 1199 1577 1266 iuvencum,

313 1275 517 1339 Ensem
541 1290 706 1353 atque
732 1285 1001 1353 insignem
1025 1286 1240 1353 galeam
1272 1285 1478 1338 solacia
1500 1286 1665 1339 vict0.

312 1373 431 1427 Nec
458 1390 640 1427 mora:
683 1373 945 1426 continuo
969 1373 1140 1426 vastis
1164 1388 1286 1425 cum
1314 1372 1522 1425 viribus
1548 1372 1708 1425 effert

315 1460 426 1514 Ora
447 1460 639 1528 DareS,
668 1475 974 1528 magnoque
998 1459 1175 1511 virum
1202 1475 1260 1512 se
1284 1475 1565 1512 murmure
1589 1459 1734 1511 tollit
1756 1478 1770 1525 ;

314 1547 472 1600 Solus
496 1548 588 1616 qui
614 1545 870 1600 Paridem
896 1546 1088 1599 solitus
1112 1545 1447 1599 contendere
1472 1551 1681 1612 contra,

312 1633 575 1702 Idemque
599 1632 668 1685 ad
694 1632 982 1700 tumulum,
1013 1647 1121 1700 quo
1145 1632 1420 1684 maximus
1444 1632 1678 1685 occubat
1705 1631 1929 1702 Hector,

312 1720 599 1774 Victorem
627 1718 812 1771 Buten
838 1718 1065 1771 immani
1090 1735 1336 1788 corpore,
1369 1720 1462 1789 qui
1488 1736 1546 1773 se

311 1806 586 1874 Bebrycia
609 1805 837 1859 veniens
860 1805 1061 1872 Amyci
1085 1806 1152 1860 de
1176 1811 1340 1875 gente
1375 1807 1608 1873 serebat,

310 1894 558 1952 Perculit
583 1904 640 1953 et
664 1900 814 1954 fulva
836 1899 1227 1953 moribundum
1252 1899 1503 1953 extendit
1529 1898 1749 1951 harena.

311 1985 452 2039 Talis
476 1988 657 2055 prima
679 1987 855 2041 Dares
885 1994 1050 2057 caput
1069 1987 1243 2041 altum
1268 1988 1324 2040 in
1350 1987 1561 2055 proelia
1585 1985 1746 2053 tollit,

313 2072 674 2142 Ostenditque
699 2091 920 2128 umeros
942 2075 1101 2142 latos,
1132 2075 1451 2142 alternaque
1475 2074 1646 2126 iactat

312 2158 579 2215 Bracchia
600 2160 955 2230 protendcnS,
985 2167 1042 2214 et
1064 2162 1323 2215 verberat
1347 2160 1547 2213 ictibus
1572 2175 1748 2212 auras.

312 2245 610 2310 Quaeritur
633 2247 763 2300 huic
788 2247 960 2315 alius3
999 2264 1104 2302 nec
1129 2249 1414 2316 quisquam
1441 2263 1510 2299 ex
1534 2247 1752 2314 agmine
1776 2248 1933 2299 tanto

310 2332 501 2387 Audet
526 2334 679 2388 adire
704 2333 881 2387 virum
908 2335 1266 2403 manibusque
1290 2333 1550 2386 inducere
1580 2338 1810 2386 caestus

310 2419 458 2489 Ergo
484 2421 695 2486 alacriS,
726 2426 1062 2489 cunctosque
1083 2426 1286 2490 putans
1310 2420 1576 2474 excedere
1601 2419 1797 2488 palma,

310 2506 533 2562 Aeneae
558 2508 718 2562 stetit
743 2512 872 2561 ante
896 2507 1078 2576 pede8‚
1106 2525 1210 2561 nec
1232 2507 1393 2576 plura
1417 2513 1676 2573 moratuS,

311 2593 447 2647 Tum
470 2596 629 2649 laeva
652 2599 875 2668 taurum
901 2610 1070 2647 cornu
1088 2599 1256 2660 tenet,
1287 2600 1451 2661 atque
1475 2594 1556 2647 ita
1578 2594 1754 2646 fatur:

315 2681 507 2736 “Nate
535 2682 653 2749 dea,
684 2682 727 2734 si
754 2698 917 2734 nemo
943 2680 1109 2734 audet
1134 2698 1191 2734 se
1216 2680 1441 2734 credere
1464 2696 1698 2748 pugnae,

313 2767 460 2833 Quae
486 2768 614 2821 finis
639 2767 858 2821 standi?
900 2784 1006 2835 quo
1031 2784 1121 2821 me
1147 2767 1307 2821 decet
1330 2784 1500 2835 usque
1525 2767 1736 2820 teneri?

311 2854 523 2909 Ducere
546 2856 695 2907 dona
716 2854 901 2907 iube.”
976 2853 1176 2907 Cuncti
1202 2854 1364 2906 simul
1391 2870 1486 2907 ore
1503 2854 1812 2907 fremebant

311 2941 676 3010 Dardanidae,
704 2941 970 3009 reddique
994 2942 1114 2994 viro
1139 2942 1411 3010 promissa
1432 2941 1712 2995 iubebant.

312 3027 412 3082 Hic
435 3029 620 3097 gravis
643 3027 931 3080 Entellum
955 3028 1116 3080 dictis
1143 3028 1376 3095 castigat
1403 3026 1647 3093 AcesteS,

313 3112 597 3168 Proximus
614 3119 681 3167 ut
705 3113 979 3167 viridante
1004 3118 1130 3167 toro
1154 3114 1476 3167 consederat
1499 3113 1733 3167 herbae:

315 3201 590 3270 “Entelle,
617 3202 854 3254 heroum
884 3200 1161 3268 quondam
1185 3201 1487 3253 fortissime
1512 3201 1731 3266 frustra,

311 3286 553 3343 Tantane
578 3294 698 3342 tam
722 3286 939 3355 patiens
962 3287 1117 3340 nullo
1148 3287 1450 3340 certamine
1476 3286 1597 3339 tolli

304 3372 466 3430 Dona
489 3374 675 3428 sines?
716 3373 810 3426 ubi
836 3390 982 3426 nunc
1006 3373 1166 3427 nobis
1191 3373 1325 3426 deus
1350 3372 1444 3426 ille
1470 3372 1732 3440 magister

302 3458 660 3534 Nequiquam
678 3465 1019 3513 memoratus
1043 3459 1232 3526 Eryx?
1269 3459 1365 3512 ubi
1393 3460 1540 3512 fama
1562 3475 1664 3527 per
1690 3474 1910 3510 omnem

300 3545 664 3616 Tmoeriam,
697 3551 755 3599 et
779 3546 952 3614 spolia
974 3547 1071 3602 illa
1094 3547 1205 3599 tuis
1230 3545 1533 3615 pendentia
1555 3545 1752 3599 tectis?
1773 3544 1805 3571 '²

2236 682 2340 733 360

2235 1116 2337 1166 365

2234 1545 2337 1601 370

2233 1981 2335 2038 375

2234 2421 2337 2471 380

2235 2855 2337 2907 385

2234 3287 2337 3338 390
