2725 3917
914 228 1190 277 VERGILI
1232 185 1561 277 AEnNEIDos
1603 226 1720 276 VII.

297 388 604 443 Deseruere
628 387 839 456 domos,
868 389 1049 442 ventis
1073 389 1212 444 dant
1236 388 1380 443 colla
1402 404 1726 457 comasque3

298 477 404 530 Ast
428 476 568 530 aliae
593 475 843 530 tremulis
868 476 1171 530 ululatibus
1194 476 1423 530 aethera
1447 474 1745 543 complent,
2229 477 2331 528 395

299 561 732 631 Pampineasque
758 567 959 630 gerunt
985 563 1257 616 incinctae
1283 561 1522 630 pellibus
1544 560 1748 614 hastas.

299 649 426 719 Ipsa
445 651 592 704 inter
616 647 826 701 medias
849 647 1174 716 flagrantem
1198 648 1417 702 fervida
1440 647 1632 716 pinum

300 737 559 805 Sustinet,
589 752 652 790 ac
675 741 841 789 natae
867 734 1148 803 Turnique
1175 736 1325 790 canit
1347 734 1701 802 hymenaeos,

299 825 662 892 Sanguineam
685 827 952 891 torquens
979 821 1170 891 aciem,
1197 827 1532 890 torvumque
1555 826 1784 890 repente

300 911 545 965 Olamat:
590 911 623 940 ‘⁴
643 910 707 964 Io
731 916 953 977 matres,
989 909 1194 977 audite,
1224 909 1319 962 ubi
1346 924 1609 977 quaeque,
1637 907 1893 962 Latinae!
2230 910 2335 960 400

300 998 356 1052 Si
381 1015 488 1068 qua
508 999 617 1067 piis
641 998 839 1052 animis
866 1002 1055 1051 manet
1082 994 1323 1049 infelicis
1348 994 1585 1048 Amatae

300 1086 506 1154 Gratia,
536 1086 582 1138 si
602 1085 739 1139 iuris
765 1084 1002 1139 materni
1028 1099 1163 1137 cura
1188 1081 1485 1149 remordet,

299 1172 509 1227 Solvite
532 1172 753 1227 cr‘malis
775 1173 959 1241 vittae,
989 1173 1172 1241 capite
1200 1171 1355 1240 orgia
1378 1168 1647 1223 meeum.'’

299 1258 483 1313 Talem
507 1259 657 1313 inter
680 1259 862 1327 silvas,
889 1260 1038 1313 inter
1064 1259 1282 1313 deserta
1304 1257 1569 1324 ferarum,

299 1345 564 1413 Reginam
590 1346 814 1401 Allecto
838 1346 1075 1400 stimulis
1102 1341 1486 1414 agit'undique
1511 1341 1735 1396 Bacchi.
2229 1343 2336 1394 405

367 1432 669 1501 Postquam
694 1434 812 1488 visa
837 1434 970 1487 satis
993 1434 1203 1502 primos
1232 1430 1442 1485 acuisse
1469 1429 1701 1497 furores,

300 1518 714 1588 Consiliumque
738 1537 1065 1589 omnemque
1089 1520 1318 1572 domum
1345 1517 1579 1570 vertisse
1603 1514 1805 1585 Latini,

299 1605 561 1660 Protinus
585 1607 718 1660 hine
741 1607 915 1661 fuscis
938 1607 1112 1660 tristis
1135 1608 1239 1661 dea
1261 1607 1479 1660 tollitur
1503 1605 1607 1660 alis

301 1692 543 1746 Audacis
567 1693 759 1747 Rutuli
783 1694 854 1747 ad
877 1710 1080 1763 maroa,
1110 1712 1275 1764 quam
1300 1695 1506 1749 dicitur
1533 1693 1727 1747 urbem

301 1779 640 1834 Acrisioneis
663 1780 854 1834 Danae
878 1781 1141 1835 fundasse
1166 1781 1395 1849 colonis,
2231 1781 2338 1830 410

301 1865 597 1935 Praecipiti
622 1866 809 1921 delata
834 1866 1002 1921 Noto.
1075 1867 1254 1921 Locus
1280 1867 1470 1920 Ardea
1500 1865 1776 1935 quondam

300 1953 493 2007 Dictus
518 1955 651 2022 avis,
680 1959 738 2008 et
762 1971 908 2007 nunc
931 1971 1188 2023 magnum
1217 1959 1373 2008 tenet
1399 1954 1589 2007 Ardea
1610 1971 1850 2022 nomen,

301 2040 409 2094 Sed
431 2041 680 2094 Fortuna
703 2041 837 2094 fuit:
877 2041 1040 2095 tectis
1064 2041 1154 2094 hie
1180 2040 1397 2093 Turnus
1420 2041 1478 2093 in
1508 2041 1635 2095 altis

298 2127 417 2181 Iam
440 2127 674 2181 mediam
701 2128 861 2195 nigra
883 2128 1145 2195 carpebat
1169 2132 1334 2181 nocte
1361 2128 1621 2197 quietem.

299 2214 520 2269 Allecto
545 2220 763 2268 torvam
787 2214 983 2268 faciem
1008 2219 1065 2267 et
1088 2214 1311 2269 furialia
1340 2216 1590 2270 membra
2232 2220 2338 2269 415

299 2301 494 2369 Exuit3
535 2301 595 2354 in
619 2301 804 2354 voltus
828 2318 945 2355 sese
971 2302 1333 2355 transformat
1356 2303 1518 2355 anilis

297 2388 371 2443 Et
386 2389 632 2442 frontem
658 2389 949 2442 obscenam
975 2389 1126 2456 rugis
1151 2394 1299 2455 arat3
1342 2389 1526 2443 induit
1551 2391 1706 2446 albos

301 2474 439 2528 Cum
463 2476 608 2529 vitta
631 2474 827 2541 erinis3
868 2480 984 2528 tum
1012 2492 1227 2529 ramum
1252 2475 1490 2530 innectit
1515 2477 1726 2545 olivae;

298 2563 389 2615 Fit
415 2562 625 2629 Galybe
650 2561 876 2615 Iunonis
900 2578 1037 2615 anus
1061 2562 1363 2632 templique
1391 2565 1663 2630 sacerdos,

297 2649 371 2702 Et
391 2649 586 2703 iuveni
608 2655 737 2703 ante
764 2649 953 2702 oculos
977 2649 1065 2701 his
1090 2665 1149 2702 se
1177 2666 1300 2703 cum
1331 2651 1558 2705 vocibus
1585 2652 1777 2705 offert:
2229 2655 2339 2705 420

303 2737 337 2764 “
356 2736 554 2801 Turne,
583 2741 670 2789 tot
695 2737 966 2789 incassum
992 2736 1144 2790 fusos
1172 2739 1383 2805 patiere
1407 2738 1639 2807 labores,

292 2821 373 2875 Et
396 2828 494 2877 tua
517 2822 813 2877 Dardaniis
837 2825 1132 2879 transcribi
1165 2830 1386 2894 sceptra
1412 2826 1658 2880 colonis?

291 2908 420 2962 Rex
442 2910 547 2962 tibi
571 2910 886 2977 coniugium
912 2917 969 2965 et
995 2911 1269 2981 quaesitas
1294 2913 1559 2981 sanguine
1583 2913 1742 2966 dotes

290 2995 577 3065 Abnegat,
605 3002 974 3066 externusque
999 2999 1057 3051 in
1082 3015 1314 3066 regnum
1340 2999 1624 3068 quaeritur
1646 2999 1823 3053 heres·

285 3082 327 3137 I
351 3099 513 3152 nunc,
543 3084 776 3152 ingratis
801 3085 942 3138 offer
968 3090 1042 3153 te,
1068 3085 1254 3153 inrise‚
1283 3086 1536 3155 periclis3
2232 3089 2338 3140 425

285 3169 626 3238 Tyrrhenas,
655 3170 691 3238 i,
721 3176 905 3225 sterne
933 3173 1108 3239 acies;
1150 3177 1275 3239 tege
1299 3189 1438 3241 pace
1461 3172 1702 3227 Latinos.

282 3257 450 3313 Haec
475 3258 614 3313 adeo
637 3258 742 3312 tibi
767 3275 874 3328 me,
900 3259 1120 3328 placida
1144 3277 1271 3313 eum
1295 3266 1462 3314 nocte
1485 3260 1706 3328 iaceres,

275 3346 427 3414 Ipsa
451 3346 634 3414 palam
659 3345 763 3400 fari
795 3347 1145 3414 omnipotens
1173 3346 1437 3401 Saturnia
1460 3347 1633 3400 iussit.

278 3434 481 3498 Quare
507 3450 624 3502 age,
653 3439 711 3487 et
736 3433 940 3486 armari
959 3434 1161 3501 pubem
1189 3434 1474 3503 portisque
1498 3432 1712 3486 moveri

271 3520 502 3576 Laetus
524 3521 585 3573 in
611 3535 767 3574 arma
790 3534 938 3587 para,
967 3523 1025 3572 et
1050 3518 1341 3588 Phrygios,
1374 3520 1467 3589 qui
1492 3519 1717 3572 flumine
1743 3515 1974 3585 pulohro
2231 3518 2337 3569 430
