2725 3917
917 242 1191 293 VERGILI
1236 243 1566 292 AENEIDOS
1609 244 1696 295 IV.

293 404 593 461 Candentis
620 421 819 460 vaccae
841 405 1029 459 media
1050 406 1199 458 inter
1222 420 1437 458 cornua
1457 403 1656 471 fundit,

290 493 409 545 Aut
431 497 560 546 ante
585 507 684 546 ora
707 491 871 545 deum
894 491 1115 560 pinguis
1140 491 1414 560 spatiatur
1439 490 1507 545 ad
1533 507 1673 557 aras,

288 578 676 647 Instauratque
698 577 843 631 diem
871 577 1044 646 donis,
1073 577 1457 645 pecudumque
1481 576 1707 631 reclusis
1801 613 1806 622 -

288 665 613 719 Pectoribus
635 665 860 718 inhians
882 665 1150 734 spirantia
1173 664 1414 718 consulit
1438 668 1584 717 exta.

289 751 412 806 Heu
436 756 631 806 vatum
652 752 877 820 ignarae
900 752 1142 805 mentes!
1184 750 1316 818 quid
1340 754 1477 804 vota
1497 750 1795 816 furentem,

289 836 435 901 Quid
458 837 688 891 delubra
709 838 940 890 iuvant?
1012 836 1115 890 Est
1138 836 1321 889 mollis
1346 836 1570 889 flamma
1594 835 1864 890 medullas

288 923 526 992 Interea,
555 930 612 977 et
634 923 869 977 tacitum
892 922 1031 975 vivit
1054 923 1156 976 sub
1182 927 1411 992 pectore
1431 922 1646 976 volnus.

288 1009 483 1063 Uritur
505 1009 705 1063 infelix
728 1009 877 1064 Dido
902 1014 1129 1078 totaque
1155 1016 1389 1077 vagatur

289 1095 440 1150 Urbe
462 1097 668 1165 furens,
696 1096 873 1166 qualis
898 1096 1145 1150 coniecta
1170 1112 1335 1150 cerva
1359 1096 1577 1164 sagitta,

291 1182 470 1247 Quam
494 1183 990 1258 procukiucautam
1014 1199 1242 1237 nemora
1262 1183 1414 1236 inter
1441 1182 1634 1237 Oresia
1656 1182 1780 1236 fixit

288 1270 486 1324 Pastor
511 1287 677 1339 agens
699 1270 842 1339 telis,
869 1270 1138 1339 liquitque
1163 1269 1387 1323 volatile
1410 1270 1626 1323 ferrum

289 1356 522 1411 Nescius
542 1376 555 1425 3
594 1356 689 1411 illa
712 1357 848 1425 fuga
871 1357 1039 1411 silvas
1061 1356 1340 1425 saltusque
1363 1362 1624 1426 peragrat

289 1442 577 1509 Dictaeos;
615 1443 809 1497 haeret
831 1444 991 1498 lateri
1015 1444 1196 1497 letalis
1218 1443 1490 1498 harundo,

289 1529 452 1584 Nunc
474 1530 659 1584 media
683 1528 913 1584 Aenean
938 1547 1122 1584 secum
1144 1546 1248 1600 per
1268 1530 1493 1583 moenia
1516 1528 1687 1597 ducit,

291 1615 650 1684 Sidoniasque
674 1620 917 1670 ostentat
942 1633 1074 1686 opes
1098 1617 1402 1686 urbemque
1427 1620 1706 1685 paratam3

290 1702 492 1771 Incipit
513 1703 689 1772 effari,
716 1704 1003 1772 mediaque
1027 1703 1088 1756 in
1110 1720 1249 1757 voce
1272 1703 1512 1770 resistit3

291 1787 451 1844 Nunc
476 1789 667 1844 eadem
690 1790 912 1844 labente
935 1790 1025 1844 die
1051 1790 1304 1844 convivia
1327 1790 1560 1859 quaerit,

290 1874 594 1944 Iliacosque
615 1877 817 1930 iterum
844 1876 1072 1931 demens
1096 1877 1285 1931 audire
1307 1876 1528 1930 labores

289 1961 566 2032 Exposcit,
594 1963 908 2032 pendetque
931 1963 1134 2017 iterum
1158 1962 1436 2016 narrantis
1460 1961 1531 2016 ab
1556 1978 1670 2016 ore.
1767 1947 1800 2044 Χ

289 2047 440 2117 Post,
458 2049 557 2103 ubi
581 2048 828 2117 digressi,
855 2049 1149 2119 lumenque
1174 2049 1411 2103 obscura
1433 2048 1674 2103 vicissim

289 2134 446 2190 Luna
466 2136 669 2205 premit
692 2135 1034 2204 suadentque
1058 2135 1311 2192 cadentia
1335 2136 1519 2190 sidera
1543 2152 1779 2204 somnos,

291 2222 418 2277 Sola
439 2224 609 2278 domo
636 2227 847 2304 maeret
873 2239 1060 2292 vacua,
1089 2223 1385 2293 stratisque
1413 2224 1621 2278 relictis

289 2310 539 2365 Incubat.
611 2310 775 2364 Illum
799 2311 996 2365 absens
1019 2310 1305 2365 absentem
1332 2311 1595 2381 auditque
1621 2311 1898 2380 videtque,

289 2396 406 2451 Aut
429 2397 986 2478 gremiolAscanium,
1015 2398 1278 2466 genitoris
1302 2399 1543 2467 imagine
1568 2403 1745 2467 capta,
1791 2403 1810 2466 ¹,

287 2483 530 2552 Detinet,
558 2484 847 2539 infandum
874 2486 921 2538 si
945 2485 1134 2539 fallere
1158 2485 1331 2554 possit
1355 2502 1618 2540 amorem.

288 2571 419 2625 Non
443 2576 674 2639 coeptae
697 2571 1000 2639 adsurgunt
1023 2576 1220 2641 turres,
1249 2589 1364 2626 non
1389 2588 1546 2627 arma
1569 2573 1832 2625 iuventus

285 2658 541 2726 Exercet,
569 2663 831 2726 portusve
854 2662 950 2711 aut
974 2659 1388 2728 propugnacula
1414 2659 1562 2713 bello

286 2744 430 2798 Tuta
452 2749 656 2813 parant
674 2763 688 2813 3
727 2745 974 2814 pendent
999 2762 1166 2815 opera
1188 2746 1505 2815 interrupta
1526 2748 1817 2813 minaeque

285 2830 575 2883 Murorum
597 2829 851 2898 ingentes
874 2835 1215 2898 aequataque
1238 2830 1496 2884 machina
1519 2829 1688 2884 caelo.
1727 2887 1746 2898 g

356 2916 539 2982 Quam
563 2916 726 2970 simul
743 2931 809 2971 ac
830 2915 933 2970 tali
957 2917 1228 2985 persensit
1252 2921 1408 2985 peste
1433 2917 1613 2971 teneri

288 3002 429 3057 Gara
451 3002 603 3057 Iovis
627 3002 889 3072 coniunx,
915 3019 1021 3058 nec
1044 3004 1245 3057 famam
1273 3004 1494 3057 obstare
1516 3002 1711 3070 furori,

286 3089 509 3144 Talibus
533 3090 854 3159 aggreditur
878 3090 1156 3145 Venerem
1185 3090 1448 3145 Saturnia
1471 3090 1666 3144 dictis:

289 3178 321 3206 ‘⁶
339 3175 637 3246 Egregiam
661 3193 797 3231 vero
821 3175 1043 3231 laudem
1068 3184 1126 3231 et
1149 3177 1324 3246 spolia
1348 3176 1529 3246 ampla
1551 3175 1774 3230 refertis

284 3263 474 3334 Tuque
494 3280 745 3333 puerque
757 3271 919 3328 tuus;
943 3280 1204 3331 magnum
1229 3269 1286 3318 et
1310 3262 1670 3317 memorabile
1694 3277 1919 3329 numen,

290 3348 409 3406 Una
431 3350 565 3408 dolo
587 3350 781 3405 divom
807 3350 855 3403 si
877 3349 1087 3403 femina
1108 3350 1258 3403 victa
1281 3349 1519 3402 duorum
1544 3353 1646 3403 est.

288 3433 403 3494 Neo
420 3454 517 3496 me
540 3437 684 3496 adeo
708 3436 854 3490 fallit
877 3436 1111 3490 veritam
1134 3439 1193 3489 te
1214 3435 1436 3489 moenia
1459 3440 1652 3489 nostra

279 3522 577 3600 EQ*
600 3522 863 3579 habuisse
887 3522 1080 3575 domos
1105 3520 1465 3589 Karthaginis
1490 3520 1649 3575 altae.

402 3609 445 3680 2
1381 3639 1386 3640 ff

2260 752 2327 803 65

2253 1181 2325 1238 ’ΤΟ

2256 1612 2327 1671 75

2260 2918 2331 2970 90

2259 3344 2326 3395 95
