2725 3917
978 239 982 244 ⁴
1030 259 1310 310 vanem
1353 256 1683 308 Aumnos
1726 258 1792 307 v.

396 422 672 492 Declarat,
702 422 976 491 viridique
1001 420 1220 475 advelat
1245 426 1498 487 tempora
1522 419 1678 472 lauro
1699 436 1713 486 ς

394 510 733 579 Muneraque
758 510 818 562 in
843 508 1000 562 navis
1025 513 1214 561 ternos
1238 511 1433 576 optare
1458 506 1724 559 iuvencos

397 596 654 664 Vinaque
680 601 737 649 et
760 596 973 663 argenti
1000 611 1260 662 magnum
1287 593 1386 647 dat
1409 592 1554 646 ferre
1578 592 1867 646 talentum.

397 683 538 752 Ipsis
560 684 885 752 praecipuos
909 681 1233 735 ductoribus
1257 680 1414 733 addit
1439 680 1706 734 honores:

397 769 620 824 Victori
645 768 991 836 chlamydem
1017 772 1282 834 auratam,
1313 782 1478 834 quam
1503 765 1738 834 plurima
1762 743 1989 821 circum.

394 857 651 924 Purpura
674 855 976 911 Maeandro
1001 854 1207 921 duplici
1237 853 1511 907 Meliboea
1535 854 1794 922 cucurrit,

396 943 757 1012 Intextusque
780 928 918 1012 puer
941 941 1208 996 frondosa
1230 940 1413 1008 regius
1437 940 1539 994 Ida

397 1029 621 1084 Velocis
643 1030 821 1083 iaculo
848 1044 1042 1082 cervos
1067 1043 1340 1095 cursuque
1371 1027 1584 1095 fatigat,

397 1118 563 1182 Acer,
592 1115 873 1170 anhelanti
899 1114 1107 1183 similis,
1138 1130 1300 1183 quem
1326 1129 1559 1182 praepes
1582 1114 1650 1166 ab
1676 1113 1778 1168 Ida

397 1203 699 1256 Sublimem
724 1202 957 1272 pedibus
980 1201 1166 1269 rapuit
1192 1200 1341 1254 Iovis
1367 1202 1603 1267 armiger
1627 1200 1815 1269 uncis;

397 1289 678 1357 Longaevi
702 1288 913 1359 palmas
936 1288 1270 1356 nequiquam
1298 1286 1367 1339 ad
1394 1286 1575 1340 sidera
1598 1286 1836 1341 tendunt

399 1377 681 1444 CustodeS,
710 1377 991 1444 saevitque
1018 1391 1216 1430 canum
1240 1374 1474 1427 latratus
1497 1374 1558 1426 in
1585 1390 1761 1428 auras.

397 1465 478 1517 At
503 1464 597 1533 qui
621 1463 820 1517 deinde
843 1462 1028 1516 locum
1057 1461 1238 1515 tenuit
1262 1461 1473 1514 virtute
1498 1460 1814 1530 secundum,
1891 1461 1896 1467 ’

397 1551 639 1605 Levibus
661 1550 790 1605 huic
815 1549 994 1603 hamis
1021 1553 1333 1603 consertam
1360 1563 1604 1616 auroque
1627 1548 1865 1602 trilicem

397 1638 665 1706 Loricam,
697 1653 859 1705 quam
883 1634 1150 1689 Demoleo
1177 1635 1495 1689 detraxerat
1518 1635 1636 1703 ipse

399 1724 600 1780 Victor
626 1724 770 1794 apud
795 1723 1048 1793 rapidum
1074 1722 1359 1776 Simoenta
1384 1722 1486 1776 sub
1511 1722 1616 1776 Ilio
1642 1722 1771 1791 alt0,

397 1811 586 1866 Donat
608 1811 814 1866 habere
838 1810 973 1879 vir0,
1002 1809 1170 1864 decus
1194 1813 1252 1863 et
1276 1813 1526 1863 tutamen
1550 1809 1610 1862 in
1636 1810 1816 1863 armis.

400 1902 514 1957 Vix
538 1903 688 1957 illam
715 1903 909 1957 famuli
934 1902 1187 1971 Phegeus
1212 1901 1538 1970 Sagarisque
1562 1900 1813 1954 ferebant

399 1989 778 2059 Multiplicem,
808 1990 992 2043 conixi
1015 1990 1255 2057 umeris3
1296 1988 1524 2056 indutus
1551 1991 1607 2041 at
1636 1986 1766 2040 olim

400 2074 694 2130 Demoleos
718 2092 879 2129 cursu
905 2075 1141 2144 palantis
1166 2063 1336 2128 Troas
1360 2076 1573 2142 agebat.

401 2160 585 2215 Tertia
609 2161 755 2215 dona
777 2161 912 2215 facit
935 2163 1182 2228 geminos
1206 2178 1274 2213 ex
1300 2178 1426 2214 aere
1449 2161 1673 2229 lebetas,

403 2246 745 2316 Oymbiaque
772 2251 1003 2315 argento
1032 2247 1275 2315 perfecta
1302 2253 1468 2315 atque
1493 2264 1689 2316 aspera
1714 2247 1898 2317 signis.

400 2333 625 2403 Iamque
651 2334 789 2388 adeo
814 2332 1004 2388 donati
1031 2350 1223 2387 omnes
1249 2335 1554 2403 opibusque
1580 2333 1803 2404 superbi

401 2420 658 2475 Puniceis
682 2420 840 2474 ibant
863 2420 1067 2475 evincti
1096 2425 1349 2490 tempora
1373 2424 1587 2491 taeniis,

403 2507 544 2561 Cum
571 2524 735 2562 saevo
761 2524 791 2561 e
818 2507 1043 2575 scopulo
1067 2508 1243 2562 multa
1267 2509 1360 2561 vix
1387 2517 1509 2562 arte
1532 2509 1796 2577 revulsus,

402 2595 636 2648 Amissis
661 2596 829 2648 remis
853 2599 1018 2664 atque
1047 2595 1240 2649 ordine
1268 2596 1466 2649 debilis
1490 2613 1619 2665 uno,

401 2680 636 2735 Inrisam
661 2682 778 2735 sine
802 2680 1012 2736 honore
1037 2691 1214 2736 ratem
1242 2682 1536 2750 Sergestus
1560 2684 1772 2753 agebat.

403 2767 595 2833 Qualis
619 2784 782 2838 saepe
806 2769 929 2822 viae
953 2768 1255 2836 deprensus
1282 2769 1339 2821 in
1368 2786 1566 2837 aggere
1592 2787 1831 2840 serpens,

402 2854 587 2909 Aerea
612 2871 771 2924 quem
798 2856 1082 2924 obliquum
1108 2861 1236 2909 rota
1256 2857 1494 2925 transiit,
1527 2862 1622 2910 aut
1653 2858 1838 2926 gravis
1861 2857 1977 2910 ictu

404 2942 744 2996 Seminecem
769 2941 932 3011 liquit
957 2959 1090 2996 saxo
1116 2942 1472 3012 lacerumque
1495 2944 1690 3012 viator,

402 3029 750 3099 Nequiquam
773 3028 967 3097 longos
991 3029 1211 3098 fugiens
1237 3030 1333 3083 dat
1358 3047 1590 3099 corpore
1613 3035 1808 3100 tortus,

402 3116 568 3170 Parte
593 3116 763 3184 ferox,
794 3115 1100 3185 ardensque
1125 3117 1313 3186 oculis,
1342 3123 1401 3171 et
1424 3117 1582 3170 sibila
1605 3117 1748 3171 colla

405 3204 630 3257 Arduus
656 3202 946 3270 attollens3
986 3219 1116 3271 pars
1135 3203 1360 3257 volnere
1387 3203 1579 3258 clauda
1605 3208 1849 3257 retentat

402 3290 706 3344 Nixantem
731 3289 891 3343 nodis
915 3305 1082 3358 seque
1105 3290 1164 3342 in
1191 3307 1288 3344 sua
1309 3290 1559 3343 membra
1576 3290 1905 3358 plicantem:

402 3377 519 3431 Tali
544 3376 778 3446 remigio
804 3375 957 3429 navis
982 3392 1041 3429 se
1065 3376 1225 3429 tarda
1247 3377 1537 3443 movebat3

402 3461 547 3516 Vela
569 3462 702 3516 facit
725 3468 927 3530 tamen,
957 3466 1015 3515 et
1039 3461 1177 3514 velis
1200 3463 1349 3515 subit
1376 3463 1519 3516 ostia
1542 3462 1735 3531 plenis.

401 3546 714 3615 Sergestum
739 3547 958 3601 Aeneas
982 3548 1254 3616 promisso
1280 3565 1508 3602 munere
1534 3548 1723 3616 donat,

2327 768 2432 821 250

2326 1200 2430 1253 255

2328 1636 2433 1687 260

2328 2074 2432 2126 265

2330 2507 2433 2563 270

2331 2941 2432 2997 275

2332 3377 2434 3429 280
