2725 3917
1034 233 1312 288 VERGILI
1355 233 1686 286 AENEIDOS
1730 234 1797 287 11.

398 393 695 449 Barbarico
720 399 909 463 postes
931 410 1069 448 auro
1093 394 1394 464 spoliisque
1417 396 1659 464 superbi,

397 480 781 549 Procubuere3
822 487 1016 535 tenent
1039 481 1234 549 Danai,
1263 498 1373 551 qua
1393 481 1583 538 deficit
1605 481 1766 550 ignis,

468 567 725 621 Forsitan
750 573 823 637 et,
851 567 1060 622 Priami
1084 568 1293 624 fuerint
1317 584 1457 640 quae
1479 569 1613 638 fata,
1641 569 1908 638 requiras.

399 654 567 708 Urbis
591 654 673 707 uti
699 661 891 723 captae
916 671 1101 708 casum
1127 655 1500 724 convulsaque
1522 655 1665 712 vidit

398 741 616 795 Limina
639 745 915 794 tectorum
940 745 998 795 et
1021 740 1262 813 medium
1285 742 1345 795 in
1369 742 1743 811 penetralibus
1777 742 2013 813 hostem,

400 826 575 881 Arma
598 826 695 880 diu
718 827 903 882 senior
927 827 1155 882 desueta
1176 829 1543 884 trementibus
1569 845 1709 884 aevo

400 913 717 968 Circumdat
739 914 1072 984 nequiquam
1096 915 1317 984 umeris,
1348 920 1408 969 et
1430 915 1625 972 inutile
1650 917 1857 972 ferrum

400 1001 668 1071 Cingitur,
698 1017 760 1055 ac
784 1001 984 1055 densos
1007 1001 1185 1056 fertur
1209 1003 1514 1056 moriturus
1541 1003 1599 1055 in
1624 1003 1817 1059 hostis.
1964 1006 1983 1060 Ι

399 1087 646 1141 Aedibus
668 1087 729 1141 in
753 1087 950 1142 mediis
972 1088 1232 1157 nudoque
1255 1089 1357 1144 sub
1386 1090 1626 1145 aetheris
1650 1107 1760 1145 axe
1971 1163 1974 1170 Ι

398 1174 604 1243 Ingens
628 1192 724 1229 ara
746 1175 853 1229 fuit
875 1175 1139 1244 iuxtaque
1164 1176 1465 1256 veterrima
1489 1177 1692 1247 laurus,
1829 1207 1840 1226 e
1887 1205 1916 1226 ω·
1997 1179 2002 1186 “

398 1261 730 1315 Incumbens
753 1278 879 1316 arae
905 1267 1070 1331 atque
1093 1261 1291 1316 umbra
1318 1263 1606 1332 complexa
1629 1264 1871 1321 Penatis.

397 1348 506 1403 Hic
529 1348 759 1402 Hecuba
783 1352 840 1403 et
862 1353 1027 1403 natae
1050 1350 1386 1419 nequiquam
1412 1350 1610 1406 altaria
1631 1352 1855 1422 circum,

397 1434 739 1504 Praecipites
762 1439 884 1489 atra
907 1452 1008 1489 ceu
1032 1440 1364 1505 tempestate
1391 1437 1691 1508 columbae,

400 1521 723 1575 condensae
748 1527 804 1575 et
827 1521 1013 1576 divom
1039 1523 1324 1592 amplexae
1348 1524 1642 1580 simulacra
1664 1525 1947 1582 sedebant.

394 1607 587 1677 Ipsum
610 1613 796 1662 autem
818 1609 1057 1677 sumptis
1078 1610 1364 1664 Priamum
1387 1611 1736 1667 iuvenalibus
1758 1614 1929 1668 armis

398 1695 475 1748 Ut
501 1694 656 1763 vidit,
690 1695 725 1724 ‘⁶
746 1694 898 1760 Quae
923 1712 1078 1750 mens
1100 1702 1220 1751 tam
1240 1697 1382 1767 dira,
1411 1698 1721 1754 miserrime
1746 1701 2007 1771 coniunx,

396 1781 629 1851 Impulit
651 1781 739 1836 his
762 1783 909 1852 cingi
935 1783 1095 1839 telis?
1131 1789 1229 1839 aut
1252 1801 1362 1855 quo
1386 1786 1536 1840 ruis?
1553 1785 1588 1815 ”
1624 1786 1821 1855 inquit.

400 1872 436 1900 “
455 1870 586 1925 Non
611 1870 707 1925 tali
734 1872 940 1927 auxilio
964 1889 1069 1927 nec
1093 1872 1477 1928 defensoribus
1498 1874 1622 1928 istis

397 1958 633 2028 Tempus
658 1963 812 2028 eget3
852 1976 982 2029 non,
1012 1961 1057 2013 si
1077 1961 1195 2029 ipse
1219 1978 1376 2014 meus
1398 1977 1545 2015 nunc
1571 1961 1792 2016 adforet
1818 1961 2044 2018 Hector.

396 2044 520 2099 Huc
544 2045 769 2099 tandem
794 2046 1068 2115 concede;
1109 2046 1249 2101 haec
1275 2063 1374 2101 ara
1395 2048 1643 2102 tuebitur
1669 2048 1864 2117 omnis,

340 2163 369 2186 .·
396 2130 514 2184 Aut
540 2131 774 2185 moriere
799 2131 1014 2186 simul.”
1087 2132 1178 2187 Sic
1204 2149 1300 2187 ore
1324 2132 1494 2187 effata
1515 2134 1725 2202 recepit

344 2225 349 2232 ·
396 2217 491 2271 Ad
515 2234 631 2272 sese
656 2223 715 2272 et
738 2235 892 2273 sacra
914 2218 1246 2287 longaevum
1268 2219 1327 2272 in
1350 2219 1482 2274 sede
1502 2219 1723 2276 locavit.

465 2304 611 2360 Ecce
635 2310 823 2359 autem
848 2304 1060 2374 elapsus
1085 2305 1289 2373 Pyrrhi
1314 2306 1386 2360 de
1409 2306 1577 2362 caede
1599 2307 1826 2378 Polites,

396 2392 553 2445 Unus
578 2397 834 2446 natorum
860 2392 1082 2459 Priami,
1109 2409 1213 2462 per
1234 2391 1368 2462 tela,
1393 2410 1494 2463 per
1515 2394 1695 2449 hostis

394 2478 711 2533 Porticibus
734 2479 914 2548 longis
938 2479 1096 2548 fugit,
1129 2487 1186 2534 et
1210 2496 1385 2535 vacua
1408 2481 1550 2535 atria
1572 2481 1772 2538 lustrat

396 2566 651 2622 Saucius:
689 2566 850 2621 illum
875 2568 1074 2623 ardens
1096 2568 1302 2624 infesto
1326 2567 1558 2623 volnere
1580 2569 1833 2637 Pyrrhus

395 2654 726 2725 Insequitur,
754 2655 867 2709 iam
888 2656 1106 2726 iamque
1130 2672 1298 2711 manu
1323 2660 1481 2710 tenet
1503 2660 1560 2710 et
1583 2656 1785 2724 premit
1807 2650 1982 2714 hasta.

397 2741 474 2795 Ut
495 2741 723 2796 tandem
748 2746 879 2797 ante
904 2743 1092 2800 oculos
1115 2745 1291 2799 evasit
1314 2749 1375 2800 et
1397 2761 1498 2800 ora
1519 2750 1827 2815 parentum,

397 2828 671 2903 Concidit,
695 2846 758 2883 ac
784 2829 959 2885 multo
983 2831 1155 2886 vitam
1180 2848 1306 2886 cum
1332 2832 1600 2900 sanguine
1623 2832 1781 2888 fudit.

379 2915 502 2971 -Hic
526 2916 794 2985 Priamus,
824 2933 1153 2987 quamquam
1178 2919 1237 2971 in
1263 2918 1445 2973 media
1466 2919 1578 2974 iam
1601 2923 1779 2974 morte
1803 2923 2039 2989 tenetur,

394 3002 450 3056 N
453 3020 524 3057 on
548 3008 737 3057 tamen
763 3003 1041 3073 abstinuit,
1069 3021 1174 3060 nec
1199 3005 1322 3060 voci
1346 3005 1572 3075 iraeque
1594 3006 1870 3076 pepercit:

397 3090 432 3119 ‘⁴
450 3089 532 3144 At
557 3088 661 3143 tibi
684 3105 787 3158 pro
812 3090 1072 3160 scelere,'’
1101 3091 1390 3162 exclamat,
1421 3094 1456 3122 ‘⁴
1471 3109 1573 3161 pro
1597 3093 1801 3148 talibus
1824 3093 1987 3162 ausis,

391 3176 481 3246 Di,
510 3178 557 3231 si
583 3193 691 3247 qua
715 3180 798 3230 est
825 3177 975 3233 caelo
998 3179 1189 3249 pietas,
1218 3191 1357 3249 quae
1380 3179 1515 3238 talia
1539 3185 1708 3248 curet,

391 3263 720 3320 Persolvant
741 3269 928 3334 grates
950 3267 1146 3336 dignas
1166 3272 1225 3322 et
1249 3267 1500 3336 praemia
1522 3266 1760 3322 reddant

390 3352 609 3421 Debita,
639 3353 731 3422 qui
750 3353 868 3407 nati
895 3369 1079 3409 coram
1102 3371 1192 3408 me
1217 3369 1443 3410 cernere
1461 3353 1637 3409 letum

393 3439 593 3494 Fecisti
619 3444 676 3494 et
698 3441 909 3508 patrios
933 3440 1169 3495 foedasti
1192 3441 1388 3496 funere
1414 3440 1613 3496 voltus.

393 3526 474 3581 At
496 3541 610 3580 non
635 3525 744 3595 ille,
773 3531 953 3580 satum
979 3542 1089 3596 quo
1110 3530 1170 3581 te
1193 3527 1459 3598 mentiris,
1488 3526 1741 3582 Achilles

2333 923 2437 974 510

2331 1356 2434 1408 515

2329 1793 2433 1844 520

2325 2226 2426 2279 525

2323 2663 2428 2714 530
