2725 3917
919 256 1197 306 VERGILI
1240 256 1570 305 AENEIDOS
1612 256 1704 306 IV.

292 418 643 488 Nequiquam
666 418 972 485 horremu8‚
1002 418 1264 486 caecique
1288 418 1349 470 in
1373 416 1613 470 nubibus
1637 416 1795 484 ignes
1861 419 1884 540 χ

295 506 622 560 Terrificant
646 505 858 559 animos
886 508 942 557 et
964 504 1153 558 inania
1177 520 1462 557 murmura
1484 503 1756 557 miscent?

294 592 536 661 Femina,
568 608 709 660 quae
733 591 937 645 nostris
960 606 1150 644 errans
1174 592 1233 643 in
1256 590 1460 644 finibus
1483 589 1678 643 urbem

294 678 563 747 Exiguam
589 679 767 747 pretio
794 678 993 746 posuit,
1023 678 1112 730 cui
1136 677 1269 730 litus
1294 675 1563 730 arandum

294 765 506 835 Cuique
529 764 640 818 loci
663 764 811 833 leges
835 763 1100 831 dedimus,
1128 764 1364 818 conubia
1383 769 1576 817 nostra

294 851 556 920 Reppulit
580 868 645 905 ac
669 851 952 904 dominnm
980 850 1211 903 Aenean
1226 850 1285 903 in
1308 867 1483 918 regna
1502 850 1727 919 recepit.
1837 849 1846 874 ¹

293 938 367 991 Et
390 955 538 992 nunc
562 938 655 991 ille
681 938 838 991 Paris
863 953 991 990 cum
1016 937 1275 990 semiviro
1298 937 1584 1004 comitatu,
2221 939 2325 991 215

295 1024 551 1079 Maeonia
573 1028 822 1078 mentum
847 1025 1017 1077 mitra
1040 1024 1355 1092 crinemque
1378 1022 1692 1076 madentem

296 1112 600 1181 Subnexus,
629 1116 792 1180 rapto
815 1111 1060 1179 potitur:
1100 1126 1204 1163 nos
1228 1126 1459 1164 munera
1482 1109 1704 1178 templis
1815 1113 1824 1164 l

296 1199 514 1268 Quippe
538 1199 648 1252 tuis
669 1198 917 1265 ferimuS,
945 1197 1260 1266 famamque
1284 1197 1535 1250 fovemus
1557 1195 1833 1251 inanem.”

364 1287 587 1341 Talibus
611 1290 861 1340 orantem
889 1285 1053 1339 dictis
1076 1301 1308 1355 arasque
1332 1289 1614 1338 tenentem

296 1373 492 1427 Audiit
518 1357 884 1442 omnipotens,
915 1371 1212 1440 oculosque
1236 1371 1307 1425 ad
1333 1371 1555 1425 moenia
1579 1370 1746 1424 torsit
2217 1374 2326 1425 220

295 1460 470 1529 Regia
493 1466 551 1514 et
576 1459 778 1513 oblitos
801 1459 982 1513 famae
1007 1449 1248 1512 melioris
1272 1457 1523 1512 amantis.

296 1546 432 1599 Tum
458 1547 539 1600 sic
562 1545 896 1600 Mercurium
922 1545 1235 1614 adloquitur
1258 1561 1322 1599 ac
1344 1545 1481 1599 talia
1503 1544 1757 1599 mandat:

300 1633 334 1662 “
350 1632 508 1687 Vade
531 1649 650 1701 age,
678 1637 822 1696 nate,
852 1648 991 1685 voca
1012 1632 1293 1699 Zephyros
1317 1637 1375 1685 et
1397 1632 1583 1685 labere
1605 1631 1815 1700 pennis,
1893 1641 1911 1696 j

297 1718 743 1788 Dardaniumque
769 1718 980 1787 ducem,
1008 1718 1177 1785 Tyria
1198 1718 1544 1787 Karthagine
1569 1719 1662 1787 qui
1686 1734 1831 1771 nunc

295 1805 610 1875 Exspectat,
641 1806 882 1874 fatisque
906 1808 1063 1861 datas
1085 1824 1198 1861 non
1221 1809 1450 1876 respicit
1473 1809 1652 1875 urbeS‚
1811 1853 1817 1860 .
1926 1809 1931 1813 ’
2220 1808 2325 1859 225

297 1892 615 1962 Adloquere
644 1896 702 1947 et
726 1893 920 1947 celeris
944 1894 1096 1949 defer
1120 1911 1244 1948 mea
1269 1895 1419 1948 dicta
1442 1911 1543 1962 per
1566 1910 1743 1947 auras.

297 1980 353 2034 N
354 1999 423 2035 on
447 1982 602 2036 illum
629 1983 790 2037 nobis
814 1984 1067 2051 genetrix
1093 1984 1468 2053 pulcherrima
1489 1982 1659 2037 talem

296 2069 560 2125 Promisit
586 2071 922 2142 Graiumque
944 2073 1071 2126 ideo
1093 2072 1179 2126 bis
1203 2070 1451 2125 vindicat
1475 2071 1669 2138 armis3

298 2155 407 2210 Sed
428 2158 569 2226 fore,
598 2159 691 2228 qui
715 2159 999 2228 gravidam
1020 2159 1266 2228 imperiis
1288 2158 1542 2227 belloque
1575 2156 1903 2211 frementem

298 2242 513 2297 Italiam
539 2250 772 2313 regeret,
803 2262 976 2314 genus
1002 2245 1115 2299 alto
1141 2262 1174 2299 a
1198 2245 1466 2313 sanguine
1491 2244 1688 2298 Teucri
2217 2244 2326 2295 230

296 2327 580 2398 Proderet,
612 2348 676 2385 ac
700 2337 881 2386 totum
907 2332 1009 2385 sub
1027 2332 1176 2401 leges
1199 2333 1450 2386 mitteret
1474 2332 1682 2385 orbem.

296 2415 355 2470 Si
379 2417 532 2470 nulla
556 2419 813 2473 accendit
835 2424 1118 2473 tantarum
1142 2420 1318 2489 gloria
1340 2436 1530 2474 rerum

293 2501 415 2557 Nec
440 2520 606 2573 super
630 2505 748 2574 ipse
774 2522 872 2559 sua
894 2505 1123 2560 molitur
1144 2507 1306 2562 laude
1328 2507 1592 2574 laborem,

293 2588 610 2645 Ascanione
634 2597 792 2661 pater
816 2591 1097 2647 Romanas
1120 2594 1334 2648 invidet
1360 2593 1550 2648 arces?

246 2679 259 2740 Ι
294 2675 443 2741 Quid
467 2678 670 2732 struit?
711 2683 807 2732 aut
833 2696 943 2747 qua
966 2696 1078 2749 spe,
1106 2680 1330 2735 inimica
1352 2681 1411 2733 in
1437 2683 1619 2748 gente,
1644 2682 1909 2747 moratur,
2220 2677 2325 2729 235

291 2761 413 2817 Nec
437 2764 651 2833 prolem
677 2766 985 2820 Ausoniam
1013 2771 1068 2821 et
1091 2767 1325 2821 Lavinia
1345 2767 1572 2836 respicit
1596 2767 1762 2820 arva?

290 2848 563 2919 Naviget:
606 2852 743 2907 haec
770 2870 984 2907 summa
1010 2858 1119 2921 est3
1158 2853 1252 2908 hic
1277 2855 1453 2907 nostri
1478 2853 1705 2907 nuntius
1729 2851 1905 2906 esto‚”

357 2937 613 2992 Dixerat.
689 2937 794 2993 Ille
818 2941 993 3008 patris
1016 2941 1198 3008 magni
1227 2957 1423 3009 parere
1445 2941 1677 3009 parabat

288 3023 564 3093 Imperio:
606 3030 664 3079 et
688 3027 932 3094 primum
958 3027 1190 3096 pedibus
1214 3027 1408 3081 talaria
1431 3027 1620 3091 nectit,

289 3111 494 3178 Aurea,
526 3129 666 3180 quae
692 3112 983 3166 sublimem
1012 3114 1110 3167 alis
1136 3115 1251 3168 sive
1277 3130 1517 3182 aequora
1540 3130 1706 3182 supra
2224 3111 2328 3162 240

286 3197 395 3251 Seu
416 3203 625 3252 terram'
650 3198 849 3268 rapido
873 3201 1081 3268 pariter
1105 3217 1229 3254 cum
1253 3200 1476 3254 flamine
1498 3203 1757 3268 portant3

285 3283 423 3337 Tum
448 3286 666 3353 virgam
694 3284 1020 3354 capit—hac
1046 3287 1257 3339 animas
1280 3286 1374 3339 ille
1400 3290 1595 3340 evocat
1619 3285 1766 3339 Orco

278 3369 571 3441 Pallentis,
591 3372 729 3426 alias
754 3372 859 3424 snb
884 3371 1108 3425 Tartara
1134 3371 1313 3425 tristia
1336 3372 1530 3440 mittit,

276 3455 395 3513 Dat
416 3475 648 3513 somnos
671 3457 994 3525 adimitque,
1024 3463 1082 3511 et
1103 3458 1314 3511 lumina
1337 3463 1517 3516 morte
1542 3457 1874 3525 resignat.—

274 3541 383 3602 Hln
402 3545 592 3600 fretus
616 3545 738 3614 agit
761 3547 978 3613 ventos,
1006 3549 1064 3598 et
1087 3545 1307 3599 turbida
1335 3548 1521 3598 tranat
2225 3540 2330 3592 245

2223 505 2327 556 210
