2725 3917
1006 258 1281 310 VERGILI
1324 258 1655 307 AENEIDOS
1698 258 1762 308 V.

369 423 663 476 Proximus
685 422 834 490 huic,
863 421 1031 489 longo
1051 420 1145 474 sed
1172 420 1460 489 proximus
1484 420 1796 487 intervallo,

370 509 682 577 Insequitur
707 508 916 575 Salius3
958 507 1137 576 spatio
1162 513 1290 575 post
1317 506 1517 560 deinde
1543 507 1740 559 relicto

370 595 586 648 Tertius
610 594 880 661 Euryalus
900 613 914 661 3

369 681 779 750 Euryalumque
805 681 1074 748 Helymus
1100 681 1382 750 sequitur,
1425 696 1534 748 quo
1564 680 1765 734 deinde
1798 682 1898 735 sub
1924 682 2049 750 ipso

370 768 515 821 Ecce
540 767 691 821 volat
715 767 1029 836 calcemque
1054 769 1189 821 terit
1213 769 1323 821 iam
1351 767 1500 820 calce
1525 767 1737 836 Diores,

370 854 702 909 Incumbens
724 871 949 921 umer03
991 856 1169 924 spatia
1193 859 1250 907 et
1275 855 1321 907 si
1348 854 1507 923 plura
1531 856 1823 923 supersint,

370 941 635 995 Transeat
659 941 873 1010 elapsus
896 942 1066 1010 prior,
1094 941 1482 1009 ambiguumve
1506 942 1798 1010 relinquat.

370 1028 595 1097 Iamque
616 1029 737 1082 fere
762 1028 940 1097 spatio
966 1033 1214 1082 extremo
1244 1028 1483 1096 fessique
1509 1029 1610 1081 sub
1637 1029 1810 1096 ipsam

370 1115 561 1169 Finem
587 1115 975 1184 adventabant,
1003 1116 1113 1170 levi
1137 1131 1264 1169 cum
1291 1115 1555 1183 sanguine
1581 1114 1748 1168 Nisus

367 1202 600 1256 Labitur
623 1203 831 1271 infelix,
861 1203 1032 1256 caesis
1057 1207 1121 1255 ut
1144 1202 1290 1255 forte
1320 1202 1564 1256 iuvencis

368 1288 545 1343 Fusus
572 1290 798 1343 humum
824 1288 1125 1359 viridisque
1152 1305 1315 1357 super
1344 1288 1713 1343 madefecerat
1737 1289 1954 1344 herbas·

369 1375 477 1430 Hic
501 1377 716 1430 iuvenis
738 1377 849 1430 iam
880 1377 1053 1429 victor
1081 1392 1254 1430 ovans
1279 1376 1516 1443 vestigia
1539 1391 1730 1443 presso

369 1462 534 1517 Haud
558 1464 737 1517 tenuit
761 1464 1000 1517 titubata
1024 1464 1154 1530 solo,
1184 1462 1281 1516 sed
1308 1478 1519 1530 pronus
1542 1463 1601 1515 in
1625 1464 1748 1531 ipso

371 1549 626 1603 Concidit
655 1550 1048 1619 immundoque
1075 1551 1203 1604 fimo
1227 1567 1492 1620 sacroque
1523 1566 1736 1605 cruore.

369 1634 499 1689 Non
523 1640 710 1691 tamen
733 1637 974 1705 Euryali,
1004 1653 1116 1691 non
1143 1637 1235 1692 ille
1261 1637 1466 1691 oblitus
1496 1653 1776 1690 amorum:

369 1721 513 1776 Nam
539 1739 658 1777 sese
682 1724 940 1792 opposuit
965 1723 1111 1777 Salio
1138 1740 1236 1792 per
1263 1723 1478 1777 lubrica
1504 1740 1759 1790 surgens3

369 1810 469 1863 Ille
496 1815 680 1864 'autem
707 1811 880 1879 spissa
902 1811 1070 1865 iacuit
1096 1811 1381 1865 revolutus
1406 1811 1629 1865 harena.

366 1897 585 1952 Emicat
608 1898 896 1967 Euryalus,
926 1903 982 1952 et
999 1915 1229 1952 munere
1254 1900 1437 1952 victor
1462 1898 1622 1951 amici

369 1984 555 2038 PrIma
576 1990 748 2052 tenet,
777 1985 1076 2053 plausuque
1103 1986 1253 2039 volat
1277 1985 1610 2055 fremituque
1645 1987 1903 2041 secund0.

368 2071 503 2124 Post
529 2071 796 2137 Helymus
820 2073 983 2140 subit,
1015 2077 1070 2125 et
1097 2089 1245 2125 nunc
1272 2073 1440 2126 tertia
1478 2073 1663 2141 palma
1686 2073 1901 2129 Diores.

369 2158 474 2211 Hic
499 2163 680 2211 totum
706 2174 905 2212 caveae
932 2176 1249 2212 consessum
1277 2160 1514 2227 ingentis
1540 2167 1595 2215 et
1630 2179 1728 2216 ora

367 2244 556 2297 Prima
580 2248 803 2312 patrum
824 2246 1039 2313 magnis
1063 2244 1240 2299 Salius
1264 2246 1598 2301 clamoribus
1622 2249 1829 2318 implet,

367 2330 743 2401 Ereptumque
768 2332 897 2386 dolo
923 2332 1080 2386 reddi
1107 2334 1210 2387 sibi
1236 2336 1416 2402 poscit
1443 2336 1723 2393 honorem.

368 2417 601 2472 Tutatur
626 2419 783 2473 favor
808 2419 1124 2489 Euryalum,
1155 2421 1521 2491 lacrimaeque
1547 2425 1797 2493 decorae,

370 2505 596 2559 Gratior
622 2510 677 2559 et
695 2506 925 2575 pulchro
946 2508 1170 2561 veniens
1191 2508 1250 2561 in
1276 2525 1508 2578 corpore
1536 2510 1725 2565 virtus.

367 2592 615 2646 Adiuvat
640 2599 697 2646 et
722 2610 918 2661 magna
942 2595 1247 2662 proclamat
1277 2613 1413 2650 voce
1443 2597 1656 2665 Diores,

368 2678 476 2743 Qui
504 2679 672 2733 subiit
695 2680 924 2747 palmae,
952 2681 1264 2751 frustraque
1293 2683 1361 2737 ad
1390 2685 1636 2752 praemia
1658 2684 1813 2738 venit

368 2764 591 2832 Ultima,
619 2766 665 2818 si
689 2766 854 2834 primi
881 2766 1029 2821 Salio
1054 2768 1353 2822 reddantur
1382 2770 1640 2824 honores·

367 2851 507 2904 Tum
532 2863 690 2919 pater
717 2852 931 2907 Aeneas
959 2854 992 2882 “
1009 2853 1214 2909 Vestra
1231 2854 1262 2884 ”
1288 2855 1470 2924 inquit
1493 2859 1771 2911 “munera
1798 2856 1953 2911 vobis

367 2938 536 2992 Certa
558 2944 797 3007 manent,
827 2940 998 3008 pueri,
1028 2945 1084 2995 et
1107 2942 1344 3010 palmam
1372 2949 1561 2998 movet
1587 2944 1780 2998 ordine
1804 2960 1999 3012 nemo;

365 3025 455 3078 Me
478 3024 644 3079 liceat
668 3041 823 3079 casus
848 3027 1095 3080 miserari
1123 3028 1358 3083 insontis
1386 3030 1603 3085 amici.‘’

367 3113 456 3166 Sic
478 3113 625 3167 fatus
648 3116 866 3180 tergum
895 3113 1117 3167 Gaetuli
1142 3115 1387 3170 immane
1413 3116 1587 3172 leonis

365 3200 478 3254 Dat
503 3200 669 3268 Salio,
699 3200 840 3253 villis
865 3216 1159 3254 onerosum
1186 3209 1351 3271 atque
1378 3205 1655 3272 unguibus
1682 3207 1878 3261 aureis,

366 3287 471 3341 Hic
494 3286 665 3340 Nisus
694 3286 802 3339 “Si
827 3291 986 3340 tanta
1001 3285 1032 3314 ”
1058 3286 1239 3356 inquit
1266 3291 1299 3318 “
1320 3295 1448 3344 sunt
1474 3292 1721 3360 praemia
1746 3293 1922 3361 victis,

365 3373 438 3427 Et
461 3378 519 3427 te
542 3373 823 3442 lapsorum
847 3373 1088 3440 miseret,
1120 3390 1259 3441 quae
1283 3392 1512 3433 munera
1539 3376 1679 3432 Niso

364 3460 550 3529 Digna
573 3460 766 3515 dabis?
805 3460 1040 3529 primam
1065 3461 1242 3514 merui
1269 3463 1359 3531 qui
1385 3464 1549 3519 laude
1569 3481 1849 3534 coronam,

366 3546 439 3600 Ni
466 3564 570 3615 me,
600 3563 738 3616 quae
763 3546 985 3616 Salium,
1015 3546 1241 3602 fortuna
1264 3548 1487 3605 inimica
1512 3552 1781 3606 tulisset.”

2297 423 2402 474 320

2295 1293 2399 1342 330

2295 1728 2397 1778 335

2293 2165 2397 2216 340

2293 2600 2397 2652 345

2292 3034 2398 3084 350

2293 3465 2398 3518 355
