2725 3917
965 933 1023 1000 P.
1055 932 1333 1001 VERGILI
1375 934 1676 1003 MARONIS

798 1114 894 1192 A
954 1115 1028 1188 E
1091 1115 1183 1190 N
1245 1116 1319 1189 E
1386 1116 1432 1191 Ι
1494 1117 1576 1190 D
1646 1116 1720 1193 O
1791 1117 1847 1193 S

950 1307 1222 1370 LIBER
1280 1310 1682 1373 TERTIUS.

299 1636 605 1705 Postquam
628 1651 720 1689 res
747 1634 916 1690 Asiae
941 1634 1260 1705 Priamique
1286 1644 1534 1690 evertere
1557 1641 1780 1705 gentem

301 1722 644 1776 Immeritam
668 1722 848 1776 visum
871 1722 1111 1791 Superis,
1141 1722 1450 1791 ceciditque
1477 1724 1775 1791 superbum

300 1809 462 1862 Ilium
486 1813 545 1863 et
569 1809 750 1862 omnis
773 1808 946 1862 humo
968 1810 1150 1863 fumat
1174 1808 1465 1877 Neptunia
1487 1809 1665 1877 Troia,

301 1895 536 1949 Diversa
559 1895 754 1949 exsilia
777 1900 834 1949 et
857 1895 1103 1950 desertas
1128 1912 1393 1964 quaerere
1420 1900 1599 1948 terras

301 1981 566 2050 Auguriis
589 1982 804 2050 agimur
828 1982 1032 2050 divom,
1062 1981 1399 2051 classemque
1426 1982 1526 2035 sub
1551 1982 1674 2050 ipsa

303 2067 600 2121 Antandro
625 2071 684 2121 et
713 2067 989 2135 Phrygiae
1015 2069 1272 2121 molimur
1297 2068 1583 2121 montibus
1608 2069 1755 2138 Idae,

303 2153 527 2221 Incerti,
555 2170 665 2223 quo
687 2154 810 2208 tata
831 2154 1029 2224 ferant,
1058 2154 1155 2207 ubi
1178 2155 1372 2208 sistere
1398 2154 1575 2223 detur,

303 2239 801 2308 contrahimusque
825 2240 991 2294 viros.
1066 2240 1184 2296 Vix
1208 2241 1388 2309 prima
1410 2242 1693 2309 inceperat
1717 2247 1911 2311 aeetae,

301 2328 377 2383 Et
400 2334 561 2398 pater
586 2329 857 2383 Anchises
879 2329 1010 2383 dare
1033 2329 1165 2383 fatis
1189 2328 1313 2382 vela
1338 2328 1594 2382 iubebat:

300 2414 493 2470 Litora
514 2433 641 2470 cum
662 2417 877 2485 patriae
898 2416 1195 2470 lacrimans
1221 2420 1523 2484 portusque
1546 2416 1801 2484 relinquo

301 2503 374 2558 Et
398 2511 638 2574 campos,
666 2505 762 2558 ubi
785 2504 953 2558 Troia
973 2504 1101 2558 fuit.
1175 2502 1349 2556 Feror
1375 2502 1530 2556 exsul
1553 2503 1611 2555 in
1637 2502 1811 2556 altum

303 2590 443 2646 Cum
470 2594 636 2647 sociis
659 2597 901 2662 natoque
925 2593 1227 2647 Penatibus
1251 2595 1310 2645 et
1330 2590 1546 2657 magnis
1569 2590 1670 2642 die.

369 2679 543 2734 Terra
563 2679 760 2749 procul
784 2680 959 2735 vastis
982 2679 1182 2734 colitur
1205 2676 1482 2731 Mavortia
1506 2676 1783 2744 campis—

302 2764 543 2821 Thraces
566 2767 913 2821 arant—acri
939 2766 1214 2836 quondam
1238 2768 1471 2834 regnata
1495 2763 1764 2832 LycurgO,

301 2851 620 2923 Hospitium
646 2852 935 2923 antiquum
959 2851 1155 2906 Troiae
1181 2852 1426 2921 sociique
1449 2851 1702 2918 PenateS,

302 2938 449 2993 Dum
469 2940 721 2995 Fortuna
742 2940 866 2994 fuit.
938 2939 1112 2993 Feror
1138 2939 1260 3007 huc,
1292 2945 1350 2992 et
1374 2938 1540 2991 litore
1565 2953 1737 2991 curvo

301 3025 523 3081 Moenia
544 3028 728 3096 prima
749 3025 890 3095 loce,
919 3026 1048 3080 fatis
1070 3026 1349 3093 ingressus
1375 3025 1594 3094 iniquis,

304 3113 704 3183 Aeneadasque
728 3128 856 3166 meo
878 3129 1083 3166 nomen
1109 3112 1179 3166 de
1203 3112 1431 3166 nomine
1454 3111 1622 3179 fingo,

370 3202 539 3257 Sacra
561 3201 853 3255 Dionaeae
876 3200 1040 3254 matri
1065 3200 1316 3269 divisque
1340 3200 1593 3253 ferebam

302 3287 635 3355 Auspicibus
661 3289 990 3355 coeptorum
1017 3302 1261 3354 operum,
1292 3300 1602 3352 superoque
1627 3284 1898 3346 nitentem
1943 3340 1949 3344 ,

305 3372 637 3429 Caelicolum
661 3374 783 3442 regi
807 3372 1117 3450 mactabam
1142 3373 1202 3425 in
1224 3372 1391 3425 litore
1415 3375 1655 3426 taurum.

303 3458 467 3515 Forte
488 3461 598 3515 fuit
622 3460 784 3514 iuxta
805 3458 1065 3526 tumulus,
1095 3475 1204 3528 quo
1229 3474 1430 3512 cornea
1455 3454 1671 3511 summo
1719 3516 1724 3520 ,

302 3542 563 3620 virgulta
587 3550 647 3602 et
670 3546 858 3601 densis
879 3544 1174 3599 hastilibus
1196 3544 1428 3598 horrida
1451 3547 1685 3609 myrtus.

2264 2418 2332 2468 10

2270 2851 2336 2902 15

2216 3274 2337 3333 ‚20
