2725 3917
1020 240 1297 291 'VERGILI
1339 239 1670 290 AENEIDOS
1715 239 1804 289 IV.
1899 243 1904 249 ’

399 400 621 454 Nubila.
696 400 922 469 Iamque
947 401 1141 454 volans
1164 402 1376 469 apicem
1404 406 1460 453 et
1483 401 1659 454 latera
1684 401 1855 454 ardua
1878 400 2057 454 cernit

398 487 646 544 Atlantis
672 487 809 555 duri,
840 487 1050 540 caelum
1078 488 1172 554 qui
1200 488 1406 540 vertice
1431 487 1602 554 fulcit,

398 574 662 642 Atlantis,
691 574 931 627 cinctum
958 573 1181 627 adsidue
1208 575 1298 627 cui
1323 574 1563 627 nubibus
1589 574 1725 627 atris

398 660 708 713 Piniferum
735 638 899 728 caput
924 665 980 712 et
1006 667 1173 713 vento
1192 660 1445 729 pulsatur
1470 665 1527 714 et
1550 661 1741 727 imbri3
1926 728 1932 732 .

400 745 512 799 Nix
537 763 757 800 umeros
781 747 968 799 infusa
991 747 1160 813 tegit3
1200 752 1321 799 tum
1346 747 1576 799 flumina
1602 752 1791 800 mento
2325 750 2431 801 250

401 833 777 902 Praecipitant
801 834 961 901 seniS‚
993 837 1049 886 et
1074 833 1247 901 glacie
1271 834 1413 901 riget
1438 833 1665 886 horrida
1691 834 1878 888 barba.

400 921 507 973 Hic
531 921 768 989 primum
796 920 1018 989 paribus
1043 920 1226 974 nitens
1252 920 1536 987 Cyllenius
1561 920 1660 973 alis

402 1007 692 1075 Constitit3
734 1008 864 1061 hinc
889 1012 1010 1060 toto
1034 1023 1300 1075 praeceps
1325 1023 1384 1059 se
1410 1022 1642 1074 corpore
1668 1007 1737 1059 ad
1763 1007 1944 1060 undas

399 1094 565 1163 Misit,
596 1094 682 1147 avi
707 1094 912 1161 similia
942 1110 1082 1161 quae
1108 1094 1311 1147 circum
1346 1092 1526 1160 litora,
1556 1093 1764 1146 circum

399 1181 651 1234 Piscosos
676 1180 930 1247 scopulos
954 1179 1176 1231 humilis
1201 1178 1354 1232 volat
1381 1178 1621 1247 aequora
1645 1180 1814 1233 iuxta.
2326 1182 2428 1233 255

401 1267 567 1321 Haud
593 1267 752 1321 aliter
776 1271 952 1319 terras
977 1267 1121 1318 inter
1147 1266 1468 1335 caelumque
1492 1266 1717 1320 volabat

400 1354 558 1407 Litus
581 1354 913 1407 harenosum
939 1352 1006 1406 ad
1031 1352 1252 1421 Libyae,
1283 1359 1585 1421 ventosque
1610 1354 1834 1407 secabat
1861 1387 1874 1454 I

401 1440 653 1494 Materno
680 1441 906 1493 veniens
932 1440 1001 1493 ab
1029 1457 1133 1493 avo
1160 1439 1411 1506 Cyllenia
1436 1433 1634 1514 proles.

401 1527 480 1580 Ut
503 1528 743 1595 primum
769 1526 927 1579 alatis
950 1526 1134 1592 tetigit
1157 1525 1394 1593 magalia
1418 1525 1634 1594 plantiS‚

402 1614 633 1668 Aenean
653 1612 975 1666 fundantem
1002 1629 1156 1666 arces
1180 1629 1242 1666 ac
1269 1617 1417 1666 tecta
1441 1618 1740 1666 novantem
2328 1617 2431 1667 260

404 1699 714 1768 Conspicit3
760 1705 924 1768 atque
947 1699 1031 1751 illi
1058 1699 1305 1753 stellatus
1338 1699 1546 1767 iaspide
1571 1700 1730 1754 fulva
2061 1695 2064 1698 ἢ

401 1787 563 1841 Ensis
590 1791 726 1855 erat,
757 1786 1032 1855 Tyrioque
1060 1786 1289 1840 ardebat
1313 1787 1523 1839 murice
1548 1786 1708 1839 laena

400 1874 650 1928 Demissa
675 1891 741 1927 ex
768 1875 985 1943 umeriS,
1008 1874 1162 1927 dives
1189 1891 1327 1942 quae
1350 1890 1582 1926 munera
1605 1873 1753 1926 Dido

401 1961 633 2015 Fecerat
659 1966 715 2014 et
740 1961 895 2013 tenui
919 1960 1059 2014 telas
1083 1960 1421 2014 discreverat
1446 1977 1597 2015 auro,

404 2048 683 2113 Continuo
708 2045 949 2100 invadit:
995 2047 1132 2099 “Tu
1155 2063 1303 2099 nunc
1329 2047 1685 2115 Karthaginis
1710 2047 1854 2101 altae
2330 2051 2431 2102 265

402 2133 786 2188 Fundamenta
810 2133 969 2199 locaS,
998 2132 1394 2200 pulchramque
1425 2134 1654 2186 uxorius
1678 2135 1873 2187 urbem

401 2219 690 2273 Exstruis?
728 2219 838 2272 heu
862 2219 1017 2286 regni
1042 2235 1336 2286 rerumque
1361 2218 1533 2272 oblite
1558 2225 1778 2273 tuarum
1800 2222 1812 2275 l

403 2305 527 2374 Ipse
553 2306 717 2359 deum
743 2306 845 2359 tibi
870 2322 959 2359 me
985 2305 1136 2358 claro
1163 2304 1408 2358 demittit
1434 2305 1674 2375 Olympo

402 2392 702 2462 Regnator,
732 2392 943 2446 caelum
970 2397 1026 2446 et
1052 2397 1227 2446 terras
1254 2393 1347 2461 qui
1373 2394 1602 2446 numine
1626 2398 1882 2463 torquet3

402 2479 527 2549 ‘lpse
551 2481 687 2535 haec
712 2481 860 2534 ferre
882 2480 1042 2534 iubet
1065 2480 1258 2534 celeris
1281 2481 1544 2534 mandata
1568 2497 1667 2549 per
1691 2497 1879 2536 auras:
2333 2481 2436 2538 270

405 2567 552 2633 Quid
577 2567 755 2636 stt-uie,
785 2572 879 2622 aut
905 2585 1011 2636 qua
1035 2584 1131 2637 spe
1156 2567 1380 2635 Libycis
1403 2568 1539 2621 teris
1564 2568 1677 2621 otia
1701 2568 1904 2622 terris?

404 2653 463 2708 Si
487 2659 544 2707 te
567 2654 716 2708 nulla
740 2660 929 2707 movet
954 2659 1236 2709 tantarum
1263 2654 1441 2722 gloria
1461 2670 1649 2707 rerum

403 2740 523 2794 Nec
548 2758 713 2810 super
736 2742 854 2809 ipse
878 2746 976 2795 tua
998 2741 1212 2795 moliris
1236 2741 1400 2795 laude
1423 2741 1689 2810 laborem,

403 2826 705 2895 Ascanium
731 2832 1047 2897 surgentem
1074 2832 1131 2881 et
1155 2844 1279 2896 spes
1304 2827 1523 2881 heredis
1546 2826 1655 2880 Iuli

404 2912 653 2982 Respice,
682 2914 769 2967 cui
796 2931 1025 2981 regnum
1051 2914 1244 2968 Italiae
1269 2914 1630 2982 Romanaque
1657 2913 1822 2967 tellus
2335 2913 2405 2970 27
2406 2916 2438 2966 5

403 3000 749 3054 Debentur.”
823 3001 941 3053 Tali
968 3001 1250 3068 Cyllenius
1276 3017 1374 3054 ore
1397 3001 1616 3054 locutus

405 3087 655 3141 Mortalis
681 3088 829 3140 visus
852 3087 1036 3142 medio
1062 3104 1316 3141 sermone
1341 3088 1579 3156 reliquit,

403 3175 478 3229 Et
500 3174 690 3243 procul
714 3175 774 3226 in
798 3179 1020 3227 tenuem
1048 3190 1116 3226 ex
1143 3174 1316 3228 oculis
1341 3175 1567 3227 evanuit
1594 3190 1801 3227 auram.

476 3261 557 3315 At
581 3278 714 3316 vero
740 3260 960 3314 Aeneas
985 3265 1208 3329 aspectu
1235 3261 1514 3313 obmutuit
1540 3276 1744 3328 amenS,

406 3350 780 3417 Arrectaeque
799 3347 1030 3402 horrore
1056 3363 1259 3414 comae,
1291 3351 1347 3399 et
1373 3364 1481 3400 vox
1506 3346 1757 3400 faucibus
1781 3347 1978 3402 haesit.
2338 3348 2443 3399 280

405 3436 586 3489 Ardet
609 3435 760 3489 abire
783 3435 913 3503 fuga
937 3432 1219 3501 dulcisque
1244 3432 1554 3501 relinquere
1578 3437 1770 3500 terrae,

405 3521 700 3575 Attonitus
723 3525 881 3576 tanto
905 3520 1118 3574 monitu
1144 3519 1488 3588 imperioque
1513 3517 1761 3573 deorum.
