2725 3917
961 247 1238 297 VERGILI
1284 247 1418 295 AEN
1421 245 1613 295 EIDOS
1655 243 1800 294 VIII.

357 410 652 481 Congressi
675 410 912 479 iungunt
935 408 1173 475 dextraS,
1201 407 1505 475 mediisque
1529 405 1778 459 residunt

356 499 622 567 Aedibus,
651 502 709 551 et
730 497 885 551 licito
907 494 1133 549 tandem
1159 509 1414 548 sermone
1436 494 1715 546 fruuntur.

356 586 479 640 Rex
502 585 658 654 prior
681 584 846 637 haec:

361 674 395 701 ‘⁴
410 672 648 726 Maxime
672 670 1009 724 Teucrorum
1035 668 1249 736 ductor,
1279 683 1391 736 quo
1415 667 1624 736 sospite
1647 683 1950 736 numquam

356 759 471 813 Res
493 757 749 827 equidem
773 756 970 811 Troiae
996 756 1169 809 victas
1192 760 1290 808 aut
1312 770 1483 822 regna
1507 754 1745 821 fatebor,

357 846 535 901 Nobis
558 846 628 900 ad
652 844 780 900 belli
806 843 1069 898 auxilium
1092 858 1197 911 pro
1221 842 1449 895 nomine
1472 844 1633 895 tanto

357 934 604 1002 Exiguae
628 933 804 986 vires:
846 931 979 985 hinc
1005 930 1184 983 Tusco
1214 928 1520 983 claudimur
1544 929 1708 996 amni,

359 1021 506 1074 Hinc
530 1019 769 1074 Rutulus
792 1018 1012 1088 premit,
1042 1021 1100 1071 et
1123 1032 1344 1069 murum
1370 1016 1737 1070 circumsonat
1761 1015 1947 1083 armi&

360 1108 467 1162 Sed
493 1108 596 1161 tibi
621 1124 724 1175 ego
748 1105 991 1174 ingentis
1015 1103 1248 1173 populos
1272 1103 1641 1171 opulentaque
1665 1104 1852 1170 regnis

359 1195 596 1263 Iungere
628 1197 806 1247 castra
829 1207 981 1260 paro,
1010 1207 1175 1260 quam
1199 1190 1312 1243 fors
1335 1190 1564 1258 inopina
1587 1190 1819 1243 salutem

361 1281 638 1335 Ostentat.
712 1278 866 1332 Fatis
893 1278 1003 1331 huc
1027 1282 1084 1331 te
1109 1276 1468 1345 poscentibus
1492 1276 1689 1330 adfers,

360 1367 526 1421 Haud
548 1365 745 1435 procul
774 1364 906 1418 hinc
933 1380 1067 1418 saxo
1089 1363 1352 1417 incolitur
1377 1363 1611 1417 fundata
1633 1367 1856 1417 vetusto

360 1453 528 1508 Urbis
552 1452 847 1521 Agyllinae
872 1450 1044 1519 sedes,
1073 1450 1170 1503 ubi
1195 1449 1372 1516 Lydia
1395 1450 1672 1519 quondam

363 1541 529 1608 Gens,
558 1538 704 1593 bello
735 1537 1033 1606 praeclara,
1060 1537 1206 1605 iugis
1228 1535 1432 1589 insedit
1456 1535 1721 1590 Etruscis,

362 1625 522 1681 Hanc
546 1626 752 1679 multos
780 1624 1071 1678 florentem
1096 1640 1271 1678 annos
1294 1641 1395 1677 rex
1419 1623 1618 1677 deinde
1643 1625 1884 1693 superbo
1948 1630 1955 1637 '

361 1713 603 1781 Imperio
628 1716 684 1766 et
709 1711 887 1766 saevis
911 1711 1092 1765 tenuit
1117 1698 1423 1766 Mezentius
1448 1712 1630 1766 armis.

362 1800 511 1866 Quid
536 1816 838 1855 memorem
863 1799 1123 1855 infandas
1147 1800 1357 1868 caedes,
1389 1801 1519 1870 quid
1544 1802 1691 1855 facta
1712 1801 1937 1869 tyranni

361 1887 585 1943 Effera?
624 1888 681 1941 di
707 1887 877 1957 capiti
902 1888 1076 1958 ipsius
1099 1889 1397 1957 generique
1423 1890 1736 1943 reservent!

362 1974 583 2031 Mortua
607 1976 737 2045 quin
769 1975 934 2030 etiam
962 1976 1223 2044 iungebat
1248 1993 1484 2045 corpora
1506 1977 1667 2045 vivis,

363 2062 718 2131 Oomponens
742 2063 1105 2131 manibusque
1129 2079 1328 2117 manus
1353 2068 1518 2131 atque
1543 2064 1731 2117 oribus
1755 2079 1867 2131 ora,

363 2148 646 2203 Tormenti
674 2166 862 2218 genus,
893 2153 949 2202 et
975 2149 1126 2202 sanie
1150 2149 1390 2216 taboque
1414 2150 1636 2204 fluentis

364 2234 668 2303 Oomplexu
694 2236 754 2288 in
779 2235 982 2289 misero
1006 2234 1180 2303 longa
1202 2235 1280 2289 sic
1304 2240 1485 2289 morte
1508 2238 1761 2292 necabat.

364 2320 445 2374 At
467 2322 599 2374 fessi
624 2320 849 2375 tandem
876 2320 1023 2374 cives
1047 2319 1279 2375 infanda
1302 2321 1581 2376 furentem

362 2407 582 2461 Armati
610 2407 1023 2461 circumsistunt
1046 2407 1332 2478 ipsumque
1356 2408 1707 2478 domumque,

364 2492 715 2549 obtruncant
739 2495 933 2561 socios,
970 2495 1156 2563 ignem
1179 2494 1250 2549 ad
1274 2495 1495 2564 fastigia
1516 2496 1744 2551 iactant.

363 2580 464 2635 Ille
487 2582 633 2635 inter
657 2581 880 2635 caedem
906 2580 1239 2635 Rutulorum
1264 2582 1480 2652 elapsus
1505 2584 1565 2635 in
1589 2601 1753 2653 agros

365 2667 689 2737 Confugere,
719 2673 775 2723 et
800 2668 969 2722 Turni
995 2668 1283 2723 defendier
1305 2670 1540 2739 hospitis
1565 2671 1749 2725 armis.

363 2754 512 2823 Ergo
537 2756 718 2809 omnis
742 2755 898 2809 furiis
922 2756 1158 2809 surrexit
1184 2755 1410 2811 Etruria
1434 2757 1621 2811 iustis:

364 2841 573 2909 Regem
598 2842 666 2895 ad
689 2842 1016 2911 supplicium
1041 2843 1320 2910 praesenti
1347 2842 1526 2897 Marte
1549 2850 1865 2913 reposcunt.

364 2928 466 2981 His
490 2944 593 2995 ego
618 2932 690 2995 te,
718 2928 926 2997 Aenea,
959 2928 1244 2983 ductorem
1274 2929 1497 2983 milibus
1522 2930 1736 2985 addam.

364 3015 504 3070 Toto
527 3032 763 3084 namque
787 3016 1037 3069 fremunt
1061 3016 1375 3070 condensae
1398 3017 1564 3071 litore
1588 3035 1814 3086 puppes,

365 3101 638 3172 Signaque
661 3102 809 3156 ferre
835 3101 1053 3171 iubent3
1095 3104 1300 3158 retinet
1326 3104 1629 3173 longaevus
1653 3104 1926 3174 haruspex

363 3190 505 3244 Fata
528 3206 759 3244 canens:
804 3191 837 3218 ‘⁴
855 3188 903 3242 Ο
928 3189 1216 3244 Maeoniae
1247 3191 1463 3245 delecta
1484 3193 1760 3259 iuventus,

364 3276 494 3331 Flos
515 3282 767 3331 veterum
792 3276 1078 3346 virtusque
1104 3278 1299 3344 virum,
1330 3295 1468 3347 quos
1490 3278 1667 3332 iustus
1690 3279 1751 3331 in
1776 3278 1995 3332 hostem

363 3364 496 3419 Fert
520 3364 679 3419 dolor
703 3369 759 3418 et
783 3364 982 3417 merita
1006 3365 1259 3418 accendit
1282 3366 1592 3420 Mezentius
1615 3365 1713 3426 ira,

366 3449 521 3504 Nulli
547 3452 630 3506 fas
654 3451 798 3505 Italo
823 3456 1032 3505 tantam
1062 3451 1395 3519 subiungere
1419 3457 1637 3520 gentem
1661 3471 1673 3505 ε

364 3535 645 3590 Externos
667 3542 856 3605 optate
879 3537 1101 3591 duces.”
1175 3537 1313 3591 Tum
1338 3538 1574 3592 Etrusca
1596 3538 1802 3592 resedit

2290 669 2361 721 47
2363 671 2397 718 0

2294 1102 2396 1156 475

2293 1539 2399 1589 480

2293 1977 2399 2028 485

2296 2415 2402 2464 490

2295 2847 2401 2898 495

2296 3280 2403 3330 500
