2725 3917
888 247 1163 297 VERGILI
1210 247 1541 296 AENEIDOS
1585 246 1727 295 V111.

309 409 567 478 Reliquias
594 415 951 477 veterumque
978 406 1130 460 vides
1155 412 1517 460 monumenta
1543 407 1804 461 virorum.

311 497 446 551 Hanc
469 496 635 550 Ianus
659 500 836 564 pater,
864 495 1011 548 hanc
1036 493 1306 547 Saturnus
1337 493 1583 547 condidit
1608 510 1827 561 arcem;

308 582 590 637 Ianiculum
616 582 759 649 huic,
783 581 862 634 illi
885 581 1070 635 fuerat
1093 580 1356 634 Saturnia
1378 580 1638 634 nomen.''

308 670 506 724 Talibus
529 671 678 722 inter
700 685 761 722 se
785 668 950 723 dictis
973 668 1045 721 ad
1070 672 1219 722 tecta
1241 668 1504 721 subibant

306 757 547 825 Pauperis
570 755 833 823 Euandri,
862 755 1175 823 passimque
1200 761 1452 808 armenta
1477 755 1741 808 videbant

306 844 648 912 Romanoque
671 843 798 896 foro
824 847 883 895 et
905 842 1072 896 lautis
1095 842 1312 910 mugire
1337 841 1572 895 Carinis.

306 930 371 984 Ut
393 935 617 984 ventum
642 929 710 983 ad
736 929 925 983 sedes:
970 927 1230 982 “''Haec
1256 928 1482 997 inquit‘
1491 928 1716 983 ‘limina
1741 929 1919 982 victor

302 1016 513 1071 Alcides
537 1016 721 1085 subiit,
750 1016 887 1069 haec
911 1014 1067 1067 illum
1091 1015 1247 1083 regia
1270 1016 1433 1083 cepit.

302 1104 466 1172 Ande,
495 1104 713 1172 hospeS,
742 1108 1097 1157 contemnere
1124 1118 1272 1171 opes,
1302 1108 1359 1155 et
1385 1111 1443 1155 te
1469 1119 1686 1171 quoque
1709 1103 1937 1172 dignum

300 1192 461 1260 Finge
485 1191 606 1258 dec,
633 1191 906 1259 rebusque
930 1190 1059 1244 veni
1086 1205 1199 1243 non
1225 1204 1387 1257 asper
1411 1190 1614 1257 egenis.
1622 1189 1653 1218 ”

298 1279 460 1346 Dixit,
491 1283 547 1332 et
571 1277 784 1346 angusti
810 1277 1002 1331 subter
1025 1276 1247 1345 fastigia
1269 1276 1404 1330 tecti

298 1366 577 1434 Ingentem
602 1364 832 1419 Aenean
857 1364 1032 1430 duxit,
1063 1365 1358 1433 stratisque
1383 1365 1594 1419 locavit

294 1453 557 1507 Effultum
582 1452 730 1505 foliis
754 1456 811 1506 et
838 1451 980 1520 pelle
1006 1451 1307 1519 Libystidis
1334 1468 1509 1506 ursae.

359 1540 485 1594 Nox
512 1540 642 1607 ruit,
670 1543 728 1592 et
753 1538 919 1592 fuscis
945 1537 1202 1591 tellurem
1230 1537 1584 1607 amplectitur
1604 1538 1719 1593 alis.

296 1627 371 1681 At
393 1627 587 1682 Venus
612 1626 760 1680 haud
785 1625 972 1679 animo
998 1624 1330 1694 nequiquam
1355 1625 1624 1680 exterrita
1646 1631 1841 1692 mater,

292 1717 734 1786 Laurentumque
751 1719 918 1771 minis
945 1723 1002 1771 et
1026 1718 1166 1771 duro
1193 1728 1347 1770 mota
1371 1715 1630 1780 tumultu,

292 1804 603 1859 Volcanum
626 1804 956 1874 adloquitur,
989 1805 1343 1872 thalamoque
1369 1802 1504 1855 haec
1529 1801 1778 1869 coniugis
1803 1816 1972 1854 aureo

289 1890 507 1961 Incipit,
537 1897 594 1945 et
617 1892 780 1946 dictis
805 1891 1055 1945 divinum
1079 1894 1287 1962 aspirat
1312 1911 1583 1948 amorem:

292 1980 486 2034 “Dum
513 1981 659 2035 bello
683 1982 932 2051 Argolici
958 1985 1252 2037 vastabant
1276 1983 1548 2051 Pergama
1570 1998 1728 2050 reges

286 2067 492 2124 Debita
516 2087 845 2139 casurasque
871 2071 1108 2124 inimicis
1134 2071 1353 2139 ignibus
1378 2086 1547 2137 areca,

284 2153 418 2209 Non
443 2155 616 2209 ullum
641 2157 906 2211 auxilium
930 2157 1162 2226 miseris,
1190 2173 1304 2210 non
1337 2173 1493 2210 arma
1515 2157 1706 2226 rogavi

283 2243 442 2298 Artis
468 2245 695 2313 opisque
720 2249 875 2313 tuae3
918 2262 1019 2300 nec
1043 2252 1115 2313 te,
1147 2246 1429 2301 carissime
1454 2245 1715 2312 coniunx,

280 2331 637 2386 Incassumve
661 2336 790 2387 tuos
814 2333 962 2387 volui
988 2350 1243 2388 exercere
1266 2334 1498 2400 labores,

281 2418 552 2483 Quamvis
575 2425 634 2473 et
657 2420 864 2474 Priami
889 2421 1148 2475 deberem
1171 2421 1411 2490 plurima
1433 2421 1596 2487 natis,

276 2503 355 2558 Et
379 2505 583 2560 durum
608 2507 832 2562 Aeneae
858 2507 1132 2562 flevissem
1160 2525 1320 2577 saepe
1344 2507 1609 2561 laborem.

276 2591 337 2645 N
339 2611 450 2648 unc
477 2594 628 2648 Iovis
651 2595 900 2663 imperiis
926 2595 1256 2650 Rutulorum
1284 2596 1534 2649 constitit
1559 2594 1698 2648 oris:

272 2678 431 2750 Ergo
458 2681 653 2734 eadem
678 2682 909 2750 supplex
936 2683 1115 2750 venie,
1145 2687 1203 2736 et
1226 2687 1476 2735 sanctum
1501 2680 1638 2733 mihi
1672 2695 1874 2733 numen

273 2768 462 2822 Arma
485 2784 638 2836 roge,
667 2769 919 2836 genetrix
943 2773 1098 2823 nato.
1175 2768 1253 2822 Te
1277 2768 1394 2822 filia
1417 2767 1603 2833 Nerei,

272 2853 354 2908 Te
380 2856 570 2924 potuit
593 2855 835 2909 lacrimis
859 2854 1118 2910 Tithonia
1141 2855 1365 2910 flectere
1389 2855 1646 2910 coniunx.

271 2939 507 3010 Aspice,
539 2941 630 3010 qui
659 2945 857 2995 coeant
881 2942 1087 3010 populi,
1120 2959 1258 3012 quae
1281 2943 1502 2998 moenia
1531 2942 1728 2997 clausis

267 3025 512 3081 Ferrum
539 3031 743 3082 acuant
765 3028 945 3096 portis
968 3029 1026 3081 in
1052 3045 1141 3082 me
1167 3029 1581 3097 exscidiumque
1604 3027 1912 3082 meorum.’‘

265 3111 532 3182 Dixerat,
563 3118 620 3167 et
644 3114 823 3167 niveis
847 3114 979 3168 hinc
1004 3120 1170 3184 atque
1194 3116 1326 3169 hinc
1352 3115 1484 3170 diva
1507 3116 1728 3170 lacertis

266 3199 653 3254 Cunctantem
680 3200 936 3269 amplexu
960 3201 1114 3256 molli
1137 3203 1307 3257 fovet.
1381 3201 1482 3256 Ille
1507 3208 1738 3271 repente

262 3285 519 3356 Accepit
544 3287 763 3341 solitam
789 3287 1085 3358 flammam,
1117 3294 1390 3358 notusque
1417 3290 1685 3343 medullas

259 3371 520 3428 Intravit
545 3374 709 3442 calor,
740 3379 797 3428 et
819 3374 1092 3430 labefacta
1112 3393 1212 3445 per
1238 3393 1363 3430 ossa
1389 3377 1662 3430 cucurrit:

259 3457 325 3511 N
328 3476 414 3513 on
438 3477 596 3515 secus
621 3465 787 3530 atque
814 3461 961 3530 olim,
991 3464 1204 3517 tonitru
1231 3479 1356 3516 cum
1382 3467 1547 3532 rupta
1571 3477 1801 3516 corusco

258 3544 454 3613 Ignea
476 3548 617 3601 rima
642 3548 854 3601 micans
878 3550 1152 3617 percurrit
1175 3549 1379 3602 lumine
1403 3549 1638 3602 nimbos.

2219 758 2322 810 360

2218 1192 2320 1244 365

2218 1626 2323 1682 370

2219 2068 2321 2124 375

2218 2507 2322 2559 380

2219 2942 2322 2994 385

2220 3375 2324 3426 390
