2725 3917
1031 199 1306 248 VERGILI
1349 198 1678 248 AENEIDOS
1723 199 1760 247 Ι,

379 360 433 414 It
457 376 607 415 mare
631 363 958 428 proruptum
987 362 1042 411 et
1065 357 1261 427 pelago
1285 358 1488 427 premit
1514 375 1648 412 arva
1673 361 1910 415 sonanti.

380 448 486 500 Hic
511 453 697 500 tamen
720 446 812 500 ille
838 447 1029 499 urbem
1053 445 1249 500 Patavi
1282 445 1546 514 sedesque
1570 446 1779 500 locavit

380 534 729 601 Teucrorum,
759 537 815 585 et
839 534 989 601 genti
1013 548 1215 586 nomen
1240 532 1394 586 dedit
1419 549 1676 601 armaque
1700 533 1826 588 fixit

380 620 556 687 Troia,
584 635 732 676 nunc
755 618 970 687 placida
994 623 1310 687 compostus
1333 635 1469 687 pace
1495 619 1753 687 quiescit:

380 705 514 773 Nos,
546 710 639 758 tua
662 705 969 774 progenieS,
1000 705 1136 759 caeli
1164 706 1363 774 quibus
1392 704 1586 759 adnuis
1610 723 1809 776 arcem,

379 790 642 859 NavibuS‚
670 791 983 844 infandum!
1026 792 1253 860 amissiS‚
1283 792 1446 844 unius
1472 792 1542 845 ob
1567 792 1707 845 iram

378 877 673 930 Prodimur
698 882 863 946 atque
887 878 1044 932 Italis
1066 877 1232 946 longe
1257 878 1619 946 disiungimur
1644 880 1771 933 oris,

381 963 486 1017 Hic
511 964 731 1032 pietatis
753 964 965 1017 honos?
1006 964 1083 1017 sic
1107 981 1210 1017 nos
1232 965 1292 1017 in
1317 972 1534 1032 sceptra
1559 966 1816 1034 reponis?
1837 966 1870 994 ’²

451 1050 560 1106 Olli
586 1051 872 1104 subridens
897 1050 1181 1103 hominum
1207 1055 1355 1103 sator
1380 1055 1546 1120 atque
1570 1051 1797 1106 deorum

379 1137 571 1205 Voltu,
603 1154 711 1205 quo
737 1137 948 1190 caelum
974 1140 1440 1206 tempestatesque
1465 1142 1700 1208 serenat,

380 1223 582 1276 Oscula
603 1223 798 1276 libavit
823 1228 1001 1291 natae,
1032 1223 1230 1277 dehinc
1255 1224 1390 1278 talia
1413 1224 1595 1278 fatur:

382 1309 606 1362 “Parce
633 1313 798 1376 metu,
829 1309 1118 1377 Cytherea,
1148 1315 1375 1363 manent
1398 1310 1629 1365 immota
1653 1316 1875 1365 tuorum

378 1395 518 1450 Fata
540 1395 674 1449 tibi:
717 1411 908 1449 cernes
933 1396 1125 1448 urbem
1150 1400 1207 1449 et
1231 1396 1500 1465 promissa
1522 1396 1718 1451 Lavini

378 1480 612 1549 Moenia,
642 1481 1038 1550 sublimemque
1063 1482 1205 1534 feres
1233 1480 1301 1534 ad
1327 1481 1506 1535 sidera
1533 1483 1669 1536 caeli

378 1569 790 1637 Magnanimum
818 1568 1080 1635 Aenean3
1121 1584 1299 1637 neque
1327 1585 1414 1623 me
1442 1571 1717 1624 sententia
1741 1572 1924 1625 vertit.

378 1656 486 1710 Hic
512 1655 842 1709 tibi—fabor
868 1657 1030 1724 enim,
1059 1656 1279 1725 quando
1303 1655 1438 1709 haec
1464 1662 1520 1709 te
1546 1673 1678 1710 cura
1701 1657 1997 1727 remordet,

376 1746 617 1814 Longius
641 1751 696 1800 et
725 1747 949 1800 volvens
972 1747 1216 1800 fatorum
1243 1762 1443 1800 arcana
1466 1746 1774 1806 movebo—

377 1832 592 1886 Bellum
619 1832 810 1901 ingens
834 1837 988 1901 geret
1011 1831 1187 1901 Italia,
1218 1832 1558 1903 populosque
1581 1830 1784 1887 ferocis

354 1922 710 1994 ,Contundeu
734 1941 1020 1994 moresque
1045 1925 1178 1979 viris
1202 1930 1260 1979 et
1282 1926 1501 1980 moenia
1528 1929 1716 1995 ponet,

376 2009 564 2064 Tertia
585 2010 714 2063 dum
740 2012 900 2067 Latio
927 2018 1248 2081 regnantem
1274 2012 1478 2065 viderit
1503 2017 1696 2081 aestas,

376 2097 659 2167 Ternaque
682 2099 1001 2153 transierint
1024 2098 1246 2151 Rutulis
1269 2097 1503 2151 hiberna
1528 2098 1779 2153 subactis.

376 2184 457 2237 At
481 2201 618 2253 puer
644 2184 930 2258 AscaniuS,
960 2182 1048 2237 cui
1073 2200 1222 2236 nunc
1249 2200 1555 2252 cognomen
1580 2184 1701 2239 Iulo
1781 2229 1788 2233 .

377 2269 825 2323 Additur—Ilus
850 2273 984 2336 erat,
1016 2268 1146 2321 dum
1172 2285 1260 2323 res
1287 2271 1444 2323 stetit
1467 2270 1570 2325 Ilia
1594 2288 1839 2340 regno—

376 2355 625 2425 Triginta
647 2373 876 2425 magnos
900 2354 1186 2409 volvendis
1210 2357 1489 2411 mensibus
1513 2358 1663 2412 orbis

377 2441 616 2511 Imperio
642 2443 897 2513 explebit,
926 2460 1264 2515 regnumque
1290 2446 1357 2500 ab
1385 2446 1512 2500 sede
1537 2446 1732 2499 Lavini

376 2528 703 2598 Transferet‚
733 2535 789 2584 et
811 2529 1036 2598 longam
1058 2531 1233 2585 multa
1256 2532 1313 2585 vi
1335 2533 1551 2586 muniet
1577 2531 1792 2585 Albam.

374 2614 480 2670 Hic
505 2617 614 2669 iam
639 2622 726 2670 ter
752 2621 973 2670 centum
997 2621 1147 2672 totos
1172 2619 1492 2687 regnabitur
1517 2634 1692 2671 annos

376 2701 556 2755 Gente
581 2703 680 2755 sub
705 2701 996 2771 Hectorea,
1028 2703 1204 2758 donec
1229 2705 1421 2772 regina
1445 2703 1701 2758 sacerdos

282 2834 286 2838 ⁴
373 2787 551 2841 Marte
576 2789 757 2856 gravis
781 2789 1056 2856 geminam
1080 2795 1245 2857 partu
1270 2790 1423 2843 dabit
1448 2790 1551 2844 Ilia
1573 2789 1802 2859 prolem.

372 2872 511 2926 Inde
534 2873 694 2942 lupae
718 2874 875 2927 fulvo
899 2875 1128 2929 nutricis
1153 2877 1397 2944 tegmine
1418 2876 1597 2930 laetus

372 2959 641 3013 Romulus
666 2961 901 3029 excipiet
925 2966 1160 3030 gentem,
1191 2967 1246 3015 et
1270 2962 1546 3017 Mavortia
1571 2962 1774 3017 condet

372 3045 590 3100 Moenia
614 3044 999 3115 Romanosque
1024 3065 1121 3101 suo
1148 3047 1216 3101 de
1242 3050 1462 3103 nomine
1486 3049 1649 3104 dicet.
1845 3053 1866 3118 ξ

371 3131 473 3185 His
499 3148 599 3200 ego
625 3146 725 3185 nec
750 3136 926 3186 metas
948 3150 1132 3187 rerum
1155 3151 1258 3188 nec
1282 3140 1532 3204 tempora
1554 3152 1733 3205 pono;

371 3216 672 3286 Imperium
699 3218 817 3271 sine
840 3217 949 3272 fine
975 3219 1118 3273 dedi.
1196 3220 1343 3285 Quin
1369 3238 1561 3290 aspera
1584 3222 1741 3291 Iun0‚

372 3303 526 3368 Quae
550 3320 701 3358 mare
725 3320 871 3357 nunc
895 3309 1177 3375 terrasque
1200 3312 1354 3361 metu
1380 3307 1696 3376 caelumque
1720 3306 1929 3375 fatigat,

371 3391 617 3445 Consilia
640 3390 699 3443 in
723 3390 916 3444 melius
939 3392 1157 3462 referet,
1182 3410 1508 3463 mecumque
1533 3394 1748 3449 fovebit

368 3474 664 3545 Romanoa,
693 3493 878 3531 rerum
904 3477 1173 3548 dominos,
1201 3485 1532 3549 gentemque
1556 3484 1818 3548 togatam.

2308 714 2409 765 25e

2304 1144 2405 1195 255

2302 1574 2406 1626 260

2300 2011 2400 2065 265

2296 2442 2412 2499 270·

2299 2872 2401 2929 275

2297 3305 2404 3358 280
