2725 3917
984 253 1259 304 VERGILI
1303 254 1632 303 AENEIDOS
1676 255 1716 305 Ι.

403 415 506 469 His
529 415 777 471 animum
801 415 1003 469 arrecti
1028 414 1192 469 dietis
1216 419 1274 467 et
1299 414 1465 467 fortis
1495 414 1737 468 Achates

329 503 406 556 Et
427 507 588 572 pater
611 502 831 557 Aeneas
852 501 1177 555 iamdudum
1204 518 1494 569 erumpere
1520 502 1724 554 nubem
2264 504 2369 557 580

329 589 639 643 Ardebant.
713 586 877 641 Prior
901 587 1135 642 Aenean
1162 589 1461 657 compellat
1490 588 1767 643 Achates:

334 675 529 729 “Nate
553 674 673 743 dea,
702 691 844 744 quae
866 690 1014 728 nune
1040 675 1224 728 animo
1253 674 1529 728 sententia
1556 676 1766 743 surgit?

331 762 535 816 Omnia
557 765 683 815 tuta
705 761 874 826 vides,
902 760 1129 814 classem
1155 761 1440 830 sociosque
1464 766 1735 830 receptos.

330 849 487 911 Unus
511 849 681 916 abest,
710 847 892 902 medio
917 849 972 899 in
1001 847 1174 901 fluctu
1203 863 1368 916 quem
1393 847 1630 900 vidimus
1653 848 1757 915 ipsi

330 933 717 998 Submersum3
756 932 922 986 dietis
945 931 1283 1001 respondent
1308 936 1493 985 cetera
1517 932 1764 987 matris.”
2262 934 2365 987 585

330 1018 444 1072 Vix
469 1036 535 1074 ea
556 1020 709 1072 fatus
733 1022 867 1086 erat,
895 1034 1021 1072 oum
1049 1018 1382 1073 circumfusa
1404 1026 1632 1087 repente

330 1104 544 1159 Scindit
567 1121 626 1159 se
650 1105 828 1159 nubes
853 1106 993 1159 etin
1018 1105 1244 1159 aethera
1268 1109 1470 1175 purgat
1494 1111 1763 1174 apertum.
1795 1139 1800 1145 ·

329 1190 558 1245 Restitit
581 1191 803 1245 Aeneas
830 1191 1084 1261 claraque
1106 1189 1172 1244 in'
1189 1191 1314 1245 luce
1338 1192 1568 1260 refulsit,

331 1276 408 1331 Os
431 1294 760 1348 umerosque
783 1278 889 1332 deo
915 1278 1137 1345 similis3
1177 1295 1415 1347 namque
1440 1279 1558 1347 ipsa
1582 1278 1840 1333 decoram

330 1364 640 1418 Caesariem
667 1369 799 1419 nato
824 1364 1077 1433 genetrix
1102 1364 1400 1435 lumenque
1422 1366 1681 1418 iuventae
2259 1368 2365 1420 590

326 1450 674 1521 Purpureum
702 1455 760 1505 et
781 1451 955 1505 laetos
980 1451 1155 1505 oeulis
1179 1451 1411 1505 adflarat
1435 1451 1705 1506 honores:
1815 1439 1825 1501 Ι
1857 1447 1892 1482 ²>
1931 1463 1944 1476 ²

329 1537 504 1603 Quale
527 1553 726 1591 manus
751 1537 960 1592 addunt
985 1538 1139 1591 ebori
1163 1538 1345 1607 decus,
1377 1544 1474 1592 aut
1496 1538 1592 1592 ubi
1615 1538 1758 1594 flavo

325 1623 642 1693 Argentum
665 1622 929 1681 Pariusve
956 1627 1096 1696 lapis
1123 1627 1497 1681 circumdatur
1521 1643 1671 1681 aur0.

325 1710 466 1764 Tum
490 1712 567 1765 sie
591 1712 839 1780 reginam
863 1713 1191 1782 adloquitur,
1221 1714 1542 1782 cunctisque
1567 1719 1795 1782 repente

326 1796 665 1866 Improvisus
691 1798 798 1852 ait:
842 1801 878 1828 ‘⁴
896 1799 1113 1869 Coram,
1142 1817 1303 1869 quem
1331 1801 1608 1869 quaeritis,
1636 1799 1844 1866 adsum,
2261 1800 2362 1853 595

326 1883 526 1938 Troius
548 1886 782 1955 Aeneas,
808 1887 1029 1955 Libyeis
1053 1897 1276 1956 ereptus
1301 1887 1371 1940 ab
1398 1884 1574 1939 undis,

328 1971 379 2024 O
405 1972 522 2027 sola
542 1973 799 2029 infandos
823 1974 1019 2030 Troiae
1041 1977 1301 2029 miserata
1322 1974 1557 2043 laboreS‚

328 2064 484 2131 Quae
506 2083 624 2136 nos,
653 2068 913 2137 reliquias
935 2068 1205 2138 Danaum,
1234 2073 1523 2139 terraeque
1547 2068 1823 2138 marisque

326 2152 598 2208 Omnibus
621 2156 921 2210 exhaustos
943 2157 1054 2211 iam
1081 2156 1315 2222 casibuS,
1344 2156 1590 2210 omnium
1616 2172 1831 2224 egenos,

326 2237 494 2308 Urbe,
523 2241 706 2311 dome,
742 2245 920 2298 socias
922 2249 1151 2314 ,grates
1174 2244 1489 2314 persolvere
1514 2243 1707 2311 dignas
2258 2244 2361 2295 600

324 2324 457 2381 Non
480 2328 601 2397 opis
624 2334 710 2383 est
731 2336 969 2399 nostrae,
998 2331 1164 2400 Did0‚
1192 2345 1295 2385 nee
1327 2329 1592 2399 quidquid
1617 2329 1818 2398 ubique
1843 2333 1928 2383 est

306 2411 523 2478 Gentis
545 2414 878 2484 Dardaniae,
906 2433 1169 2485 magnum
1196 2433 1334 2486 quae
1360 2433 1548 2485 sparsa
1571 2432 1672 2484 per
1697 2416 1903 2469 orbem.

272 2483 309 2538 s
323 2496 394 2551 Di
419 2500 536 2566 tibi,
564 2501 611 2554 si
636 2518 745 2569 qua
768 2501 890 2570 pios
915 2508 1229 2572 respectant
1253 2502 1498 2568 numina,
1528 2504 1570 2556 si
1598 2502 1725 2570 quid

324 2583 570 2655 Usquam
592 2586 806 2642 institia
831 2593 916 2642 est
942 2594 998 2643 et
1024 2606 1179 2643 mens
1205 2589 1309 2643 sibi
1335 2590 1557 2643 conseia
1580 2589 1734 2655 recti,

323 2670 578 2728 Praemia
601 2674 768 2742 digna
792 2676 992 2730 ferant.
1067 2675 1221 2741 Quae
1244 2680 1303 2730 te
1326 2681 1443 2731 tam
1466 2676 1613 2729 laeta
1635 2675 1880 2729 tulerunt
2256 2674 2357 2726 605

321 2757 586 2814 Saecula?
625 2762 719 2830 qui
743 2763 882 2815 tanti
907 2761 1077 2816 talem
1103 2779 1342 2831 genuere
1369 2761 1661 2832 parentes?

318 2843 390 2897 In
412 2846 556 2899 freta
579 2846 710 2900 dum
734 2846 888 2901 fluvii
913 2854 1150 2918 current,
1177 2848 1311 2902 dum
1334 2849 1614 2902 montibus
1637 2848 1866 2901 umbrae

318 2929 660 2987 Lustrabunt
685 2950 949 3003 convexa,
975 2934 1135 3004 polus
1159 2934 1291 2988 dum
1317 2934 1496 2989 sidera
1518 2939 1721 3002 pascet,

319 3017 550 3087 Semper
571 3018 753 3074 honos
776 3037 1087 3091 nomenque
1112 3026 1267 3075 tuum
1291 3021 1587 3089 laudesque
1610 3020 1930 3087 manebunt,

320 3103 474 3169 Quae
499 3122 590 3160 me
614 3124 847 3176 eumque
871 3113 1074 3163 vocant
1096 3109 1332 3163 terrae.”
1407 3108 1496 3161 Sio
1519 3108 1679 3176 fatue,
1710 3107 1943 3160 amioum
2252 3106 2355 3157 610

319 3189 530 3246 Ilionea
553 3193 697 3261 petit
718 3193 930 3262 dextra,
958 3193 1222 3263 laevaque
1249 3194 1545 3262 Serestum,

318 3274 454 3332 Post
477 3279 630 3347 alios,
657 3280 972 3350 sortemque
998 3281 1174 3348 Gyan,
1203 3282 1516 3349 fortemque
1542 3278 1895 3333 Cloanthum.
1966 3272 1976 3326 ἱ

386 3361 677 3434 Obstipuit
699 3367 882 3434 primo
908 3373 1128 3435 aspectu
1158 3367 1385 3421 Sidonia
1409 3366 1573 3435 Dido,

318 3445 465 3510 Q
486 3449 688 3506 deinde
712 3452 819 3506 viri
842 3457 1016 3523 tante,
1045 3458 1103 3507 et
1128 3454 1206 3508 sie
1232 3470 1327 3508 ore
1350 3453 1538 3505 locuta
1564 3455 1674 3506 est:

320 3531 511 3618 Ἢ
526 3542 605 3608 te,
631 3543 764 3593 nate
787 3538 906 3608 dea,
934 3557 1035 3610 per
1058 3544 1216 3595 tanta
1240 3538 1483 3609 pericula
1507 3554 1661 3591 casus
2249 3537 2349 3587 615

154 3709 189 3746 Ιι
268 3709 283 3718 -
