2725 3917
954 254 1232 307 VERGILI
1278 255 1538 306 ECLOGA
1576 255 1717 308 VIII.

389 417 530 472 Tmr.
569 416 748 470 Immo
775 433 878 485 ego
904 417 1186 471 Sardoniis
1209 418 1403 471 videar
1425 418 1531 471 tibi
1556 419 1793 472 amarior
1817 419 2019 488 herbis,

319 503 611 558 Horridior
634 520 813 572 ruscO,
840 505 1089 572 proiecta
1112 505 1277 558 vilior
1301 504 1440 572 alga,

317 591 377 643 Si
403 590 534 643 mihi
559 606 676 642 non
698 589 836 643 haec
858 590 955 642 lux
979 595 1103 643 toto
1126 591 1238 643 iam
1263 591 1481 658 longior
1505 606 1653 644 anno
1677 595 1779 645 est.

317 676 403 731 Ite
426 676 648 730 domum
675 677 834 744 pasti,
865 678 911 729 si
938 677 1061 745 quis
1084 678 1280 745 pudor,
1309 678 1388 731 ite
1411 678 1647 731 iuvenci.

388 763 522 817 Gon.
563 762 804 817 Muscosi
827 763 1011 816 fontes
1036 772 1094 816 et
1118 780 1312 817 somno
1337 763 1558 816 mollior
1582 764 1771 832 herba,

315 849 390 902 Et
414 866 552 918 quae
574 866 677 902 vos
700 866 827 903 rara
850 849 1042 903 viridis
1063 850 1206 918 tegit
1231 850 1463 904 arbutus
1487 851 1702 919 umbra,

317 936 623 990 Solstitium
648 936 836 1004 pecori
861 936 1169 1003 defendite;
1210 937 1320 989 iam
1347 937 1505 990 venit
1528 942 1706 990 aestas

316 1021 559 1090 Torrida,
586 1022 697 1075 iam
721 1022 869 1076 laeto
894 1027 1120 1091 turgent
1141 1024 1201 1076 in
1227 1022 1456 1090 palmite
1479 1039 1741 1092 gemmae.

384 1109 525 1163 ΤΗΥ.
566 1109 673 1163 Hic
697 1110 854 1163 focus
878 1114 935 1163 et
957 1110 1151 1163 taedae
1174 1110 1424 1179 pingues,
1453 1109 1543 1163 hic
1568 1107 1835 1179 plurimus
1860 1110 2005 1179 ignis

316 1195 558 1265 Semper,
589 1200 647 1249 et
671 1195 901 1249 adsidua
923 1201 1111 1264 postes
1134 1197 1363 1265 fuligine
1389 1197 1564 1264 nigri3

315 1282 422 1336 Hic
444 1287 664 1337 tantum
689 1282 902 1337 Boreae
927 1299 1183 1336 emamus
1207 1284 1435 1351 frigora,
1467 1289 1734 1352 quantum

313 1367 433 1422 Aut
456 1384 746 1422 numerum
770 1368 946 1437 lupuS,
978 1374 1074 1422 aut
1097 1369 1370 1423 torrentia
1391 1369 1621 1423 flumina
1645 1370 1807 1438 ripas,

385 1454 519 1509 Con.
559 1455 724 1509 Stant
748 1460 805 1508 et
826 1455 1061 1524 iuniperi
1090 1460 1149 1509 et
1172 1462 1462 1510 castaneae
1487 1456 1768 1521 hirsutae:

314 1541 502 1596 Strata
523 1542 706 1595 iacent
731 1542 933 1611 passim
961 1559 1059 1596 sua
1083 1559 1332 1611 quaeque
1357 1543 1458 1596 sub
1485 1543 1683 1597 arbore
1707 1559 1902 1611 poma3

315 1629 517 1682 Omnia
537 1644 687 1683 nuuc
710 1628 928 1682 rident:
971 1633 1032 1683 at
1054 1630 1101 1681 si
1125 1630 1404 1683 formosus
1427 1629 1622 1682 Alexis

313 1715 598 1770 Montibus
621 1715 710 1769 his
734 1715 912 1784 abeat,
938 1715 1126 1769 videas
1151 1721 1208 1770 et
1234 1715 1462 1769 flumina
1484 1717 1643 1770 sicca.

382 1801 525 1856 Tmr.
563 1802 709 1857 Aret
731 1818 894 1870 ager3
932 1802 1072 1856 vitio
1095 1803 1340 1856 moriens
1364 1803 1481 1856 sitit
1504 1803 1649 1856 aeris
1672 1803 1874 1871 herba3

313 1887 475 1942 Liber
497 1889 822 1959 pampineas
846 1889 1048 1943 invidit
1072 1890 1303 1943 collibus
1324 1891 1576 1943 umbras:

314 1974 584 2044 Phyllidis
608 1976 852 2031 adventu
876 1982 1100 2031 nostrae
1122 1993 1319 2031 nemus
1343 1992 1508 2030 omne
1533 1975 1750 2044 virebit,
1818 1960 1839 1979 ⁸

313 2060 562 2131 Iuppiter
585 2068 643 2118 et
666 2064 814 2118 laeto
838 2063 1132 2118 descendet
1157 2064 1430 2132 plurimus
1453 2064 1635 2117 imbri.

383 2148 518 2202 Con.
559 2149 805 2218 Populus
826 2149 1059 2204 Alcidae
1083 2151 1409 2219 gratissima,
1436 2151 1571 2204 vitis
1595 2149 1813 2219 Iacche,

311 2234 609 2290 Formosae
632 2241 851 2304 myrtus
874 2237 1101 2304 Veneri,
1130 2253 1228 2290 sua
1251 2235 1442 2291 laurea
1464 2236 1720 2291 Phoebo:

312 2319 522 2388 Phyllis
547 2327 696 2376 amat
720 2323 968 2390 corylos3
1007 2323 1131 2377 illas
1155 2323 1289 2376 dum
1312 2322 1526 2390 Phyllis
1550 2324 1771 2392 amabit,

311 2406 365 2460 N
367 2425 429 2462 00
452 2414 671 2476 myrtus
693 2410 881 2463 vincet
905 2410 1136 2479 corylos,
1164 2426 1267 2464 1100
1291 2410 1481 2464 laurea
1503 2410 1734 2464 Phoebi.

378 2494 521 2549 Tm.
560 2495 833 2549 Fraxinus
857 2496 912 2547 in
939 2497 1092 2549 silvis
1116 2496 1506 2565 pulcherrima,
1537 2497 1699 2565 pinus
1720 2497 1780 2549 in
1805 2495 1999 2563 hortis,

310 2580 553 2650 Populus
574 2582 633 2634 in
657 2582 854 2646 fluviis,
885 2583 1036 2636 abies
1058 2584 1119 2636 in
1144 2584 1430 2638 montibus
1455 2583 1608 2637 altis:

310 2667 538 2736 Saepius
563 2673 621 2721 at
644 2668 691 2721 si
714 2685 819 2736 me,
846 2667 1054 2737 Lycida
1075 2670 1334 2736 formose,
1363 2670 1584 2737 revisas,

310 2754 582 2809 Fraxinus
606 2754 667 2807 in
692 2755 846 2809 silvis
871 2756 1030 2810 cedat
1054 2758 1173 2825 tibi,
1203 2759 1368 2826 pinus
1391 2757 1449 2810 in
1476 2757 1667 2810 hortis.

377 2841 520 2896 Mnn.
558 2841 713 2895 Haec
737 2842 977 2905 memini,
1006 2848 1063 2896 et
1088 2845 1295 2897 victum
1321 2843 1533 2897 frustra
1556 2842 1891 2898 contendere
1916 2843 2188 2912 Thyrsim.

310 2925 394 2979 Ex
415 2927 511 2982 illo
538 2926 802 2995 Corydon
829 2927 1088 2996 Corydon
1113 2935 1198 2982 est
1220 2935 1472 2999 tempore
1495 2930 1669 2984 nobis.

1072 3155 1381 3211 ECLOGA
1415 3157 1576 3212 VIII.

1025 3264 1629 3313 PHARMACEUTRIA.

961 3373 1183 3413 DAMON.
1243 3373 1686 3412 Anrmsmoxus.

309 3456 596 3513 Pastorum
624 3459 836 3514 Musam
862 3458 1131 3514 Damonis
1156 3465 1214 3514 et
1238 3460 1614 3529 Alphesiboei,

307 3543 604 3601 Immemor
626 3546 925 3601 herbarum
952 3564 1089 3616 quos
1114 3553 1198 3603 est
1221 3548 1423 3602 mirata
1445 3549 1679 3602 iuvenca

2285 1200 2357 1251 50

2281 1631 2351 1683 55

2286 2065 2355 2118 60

2282 2497 2349 2549 65

2278 2929 2348 2987 ’70
