2725 3917
1010 243 1284 294 VERGILI
1328 244 1661 293 AENEIDOS
1702 244 1819 293 V11.

400 402 648 458 Aurunci
673 404 873 458 misere
898 409 1083 472 patres
1108 404 1458 473 Sidicinaque
1483 405 1642 458 iuxta

399 489 675 558 Aequora,
704 492 906 559 quique
931 490 1091 545 Gales
1115 491 1388 559 linquunt,
1417 492 1703 559 amnisque
1727 490 1921 544 vadosi

399 575 610 630 Accola
633 575 913 643 Volturni,
941 577 1260 645 pariterque
1284 577 1558 630 Saticulus
1582 594 1741 645 asper

400 660 776 732 Oscorumque
799 680 1010 717 manus.
1085 662 1308 717 Teretes
1332 669 1463 717 sunt
1485 663 1707 730 aclydes
1730 662 1839 717 illis
2328 667 2433 722 730

398 747 559 817 Tela;
598 749 693 803 sed
717 749 854 804 haec
874 748 1027 803 lento
1054 765 1174 802 mos
1197 754 1282 802 est
1308 755 1499 817 aptare
1523 749 1757 818 flagello.

397 833 606 889 Laevas
630 841 816 891 caetra
839 837 991 905 tegit,
1021 835 1214 889 falcati
1238 836 1547 889 comminus
1569 852 1741 890 enses.

469 920 589 976 Nec
610 928 675 977 tu
699 923 1033 977 carminibus
1056 923 1261 975 nostris
1285 923 1524 976 indictus
1547 923 1738 990 abibis,

399 1007 625 1077 Oebale,
652 1026 813 1078 quem
840 1026 1130 1079 generasse
1156 1009 1329 1063 Telon
1355 1009 1654 1063 Sebethide
1679 1011 1926 1079 nympha

398 1094 610 1164 Fertur,
640 1096 937 1151 Teleboum
964 1097 1203 1166 Capreas
1230 1112 1353 1149 cum
1381 1112 1553 1164 regna
1577 1102 1808 1166 teneret,
2328 1099 2360 1154 7
2363 1102 2429 1151 35

397 1179 516 1236 Iam
542 1183 752 1250 senior3
792 1183 985 1252 patriis
1009 1183 1107 1236 sed
1131 1199 1244 1236 non
1271 1187 1329 1235 et
1352 1182 1498 1235 filius
1524 1183 1670 1236 arvis

399 1266 707 1322 Contentus
731 1269 841 1322 late
865 1270 972 1322 iam
999 1274 1115 1323 tum
1143 1269 1361 1322 dicione
1389 1269 1679 1337 premebat

398 1353 664 1408 Sarrastis
689 1356 922 1423 populos
945 1360 1002 1410 et
1027 1373 1166 1425 quae
1191 1356 1334 1424 rigat
1362 1372 1602 1424 aequora
1626 1356 1847 1423 Sarnus»,
1921 1403 1927 1408 .

400 1439 613 1509 Quique
638 1441 845 1496 Rufras
869 1442 1237 1511 Batulumque
1261 1447 1455 1496 tenent
1483 1447 1648 1511 atque
1674 1459 1807 1496 arva
1831 1442 2136 1511 Celemnae,

396 1525 471 1580 Et
495 1543 631 1595 quos
655 1528 936 1583 maliferae
962 1529 1283 1597 despectant
1306 1529 1528 1583 moenia
1560 1528 1806 1596 Abellae,
2325 1529 2429 1584 740

399 1613 700 1669 Teutonico
724 1616 835 1669 ritu
861 1615 1009 1669 soliti
1034 1621 1295 1686 torquere
1322 1617 1555 1683 cateias;

397 1699 657 1770 Tegmina
681 1703 800 1771 quis
823 1703 1067 1772 capitum
1091 1708 1283 1772 raptus
1307 1704 1378 1757 de
1402 1705 1597 1757 subere
1624 1707 1834 1769 cortex,

396 1787 744 1859 Aerataeque
766 1790 975 1844 micant
999 1790 1194 1859 peltae,
1222 1791 1392 1844 micat
1419 1806 1610 1844 aereus
1636 1790 1795 1843 ensis.

466 1875 538 1929 Et
562 1881 618 1930 te
643 1882 933 1932 montosae
956 1879 1152 1932 misere
1176 1879 1233 1931 in
1259 1879 1468 1947 proelia
1492 1879 1716 1949 Nersae,

396 1961 585 2031 Ufens,
615 1963 884 2032 insignem
910 1966 1061 2018 fama
1085 1973 1142 2018 et
1165 1966 1419 2020 felicibus
1447 1970 1639 2037 armis3
2316 1969 2418 2025 745

395 2047 637 2102 Horrida
659 2051 953 2118 praecipue
978 2051 1066 2103 cui
1092 2067 1241 2119 gens,
1272 2052 1608 2121 adsuetaque
1634 2056 1810 2110 multo

397 2132 616 2186 Venatu
643 2150 945 2203 nemorum,
973 2135 1125 2189 duris
1149 2136 1453 2204 Aequicula
1479 2140 1701 2207 glaebiS.

394 2219 612 2272 Armati
637 2226 843 2274 terram
869 2226 1143 2288 exercent,
1174 2239 1496 2292 semperque
1524 2229 1762 2281 recentis

395 2304 736 2359 Convectare
760 2306 914 2360 iuvat
932 2307 1166 2375 praedas
1189 2313 1245 2362 et
1268 2310 1458 2364 vivere
1484 2318 1659 2380 rapto.

465 2390 610 2456 Quin
636 2396 692 2445 et
717 2392 996 2448 Marruvia
1019 2395 1174 2448 venit
1198 2394 1267 2448 de
1291 2402 1457 2464 gente
1484 2400 1755 2470 sacerdos,
2322 2403 2426 2461 750

393 2478 611 2533 Fronde
637 2496 801 2548 super
825 2479 1034 2548 galeam
1062 2485 1119 2534 et
1144 2482 1295 2536 felici
1322 2489 1575 2553 comptus
1603 2487 1765 2556 oliva,

393 2565 662 2634 Archippi
686 2566 832 2631 regis
858 2568 1041 2636 missu,
1068 2569 1403 2625 fortissimus
1432 2572 1657 2641 Umbr0,

392 2650 637 2719 Vipereo
661 2652 850 2718 generi
876 2658 931 2706 et
955 2655 1194 2723 graviter
1221 2658 1558 2725 spirantibus
1584 2661 1776 2728 hydris

392 2737 661 2805 Spargere
687 2739 779 2807 qui
804 2755 1026 2794 somnos
1044 2747 1317 2812 cantuque
1342 2761 1618 2816 manuque
1645 2747 1872 2815 solebat,

391 2821 777 2891 Mulcebatque
800 2824 910 2878 iras
936 2831 992 2879 et
1017 2843 1233 2881 morsus
1260 2835 1380 2883 arte
1405 2830 1643 2887 levabat.
2321 2835 2423 2892 755

393 2907 500 2962 Sed
525 2924 638 2962 non
662 2908 972 2965 Dardaniae
996 2913 1257 2969 medicari
1284 2917 1525 2985 cuspidis
1549 2919 1719 2972 ictum

390 2994 628 3062 Evaluit,
655 3012 833 3065 neque
858 3014 980 3052 eum
1008 2999 1197 3055 iuvere
1223 3002 1281 3055 in
1309 3003 1534 3058 volnera
1558 3011 1752 3059 cantus

391 3081 690 3136 Somniferi
715 3091 773 3137 et
795 3083 992 3139 Marsis
1017 3088 1296 3154 quaesitae
1320 3090 1605 3145 montibus
1629 3090 1854 3146 herbae.

390 3170 466 3223 Te
490 3186 682 3223 nemus
709 3170 1022 3240 Anguitiae,
1051 3174 1230 3228 vitrea
1252 3180 1311 3228 te
1335 3175 1579 3230 Fucinus
1603 3176 1766 3244 unda,

391 3257 467 3310 Te
491 3257 681 3326 liquidi
705 3258 905 3312 flevere
930 3258 1098 3313 lacus.
2320 3265 2422 3321 760

460 3343 584 3398 Ibat
603 3349 659 3399 et
683 3344 975 3414 Hippolyti
999 3346 1183 3414 proles
1208 3347 1579 3415 pulcherrima
1600 3349 1763 3418 bello,

390 3427 636 3498 Virbius,
664 3431 933 3499 insignem
962 3447 1123 3500 quem
1148 3439 1327 3486 mater
1351 3433 1542 3487 Aricia
1565 3434 1729 3502 misit,

389 3512 661 3569 Eduotum
689 3516 915 3584 Egeriae
940 3516 1077 3570 lucis
1099 3519 1348 3571 umentia
1372 3519 1575 3572 circum
