2725 3917
858 254 1135 305 VERGILI
1178 255 1510 305 AENEIDOS
1553 256 1669 307 VII.

278 413 602 469 Horrendum
627 414 779 470 silvis
804 419 861 470 et
884 415 1150 484 religione
1174 420 1485 484 parentum.

275 500 363 555 Hic
384 507 598 571 sceptra
619 502 867 572 accipere
892 507 949 556 et
971 502 1181 571 primos
1206 502 1462 555 attollere
1486 503 1665 557 fasces

274 586 491 655 Regibus
516 604 680 642 omen
707 592 855 655 erat3
897 587 1004 642 hoc
1028 588 1140 641 illis
1166 588 1317 641 curia
1342 588 1628 657 templum,

274 672 373 726 Hae
393 673 558 727 sacris
582 673 736 727 sedes
760 673 966 743 epulis3
1007 673 1097 727 hic
1124 675 1295 727 ariete
1322 689 1483 727 caeso
2184 675 2289 732 175

271 759 537 828 Perpetuis
562 760 711 814 soliti
734 765 921 829 patres
947 760 1233 815 considere
1260 762 1482 815 mensis,

272 846 397 912 Quin
419 847 585 901 etiam
612 852 861 901 veterum
886 846 1094 916 effigies
1118 865 1186 902 ex
1213 849 1408 903 ordine
1433 865 1660 902 avorum

268 932 497 1002 Antiqua
519 950 551 987 e
575 933 756 1003 cedi-0,
785 933 1064 1003 Italusque
1089 939 1355 1003 paterque
1382 934 1617 988 Sabinus

267 1018 535 1088 Vitisator,
565 1036 790 1074 curvam
816 1036 1043 1074 servans
1068 1021 1169 1074 sub
1194 1020 1435 1089 imagine
1460 1020 1680 1089 falcem,

266 1105 620 1176 Saturnusque
644 1123 810 1161 senex
835 1106 1066 1176 Ianique
1092 1106 1351 1160 bifrontis
1377 1107 1575 1176 image,
2187 1112 2291 1162 180

265 1191 543 1246 Vestibulo
570 1193 839 1261 astabant,
867 1193 1069 1262 aliique
1095 1193 1165 1247 ab
1195 1193 1410 1260 origine
1436 1210 1608 1263 reges,

262 1277 553 1348 Martiaque
579 1279 650 1334 ob
674 1281 909 1349 patriam
935 1278 1234 1349 pugnando
1266 1279 1493 1334 volnera
1516 1280 1683 1349 passi.

260 1363 531 1433 Multaque
551 1371 838 1435 praeterea
861 1367 1031 1421 sacris
1054 1382 1113 1419 1n
1141 1366 1395 1435 postibus
1420 1382 1588 1436 arma,

260 1450 468 1518 Captivi
490 1451 736 1521 pendent
761 1469 970 1522 currus,
1003 1468 1312 1520 curvaeque
1335 1468 1571 1522 secures,
1927 1500 1931 1504 ,

255 1536 323 1589 Et
346 1538 542 1591 cristae
566 1539 826 1608 capitum,
855 1543 912 1594 et
935 1543 1222 1609 portarum
1253 1537 1502 1606 ingentia
1529 1539 1782 1610 claustra,
1974 1541 2005 1560 ”
2180 1543 2289 1593 185

256 1622 573 1693 Spiculaque
598 1625 867 1695 clipeique
892 1631 1190 1694 ereptaque
1216 1630 1396 1679 rostra
1422 1625 1634 1680 carinis.

254 1708 370 1776 Ipse
395 1709 666 1773 Quirinali
690 1710 842 1780 lituo,
872 1728 1149 1780 parvaque
1175 1712 1403 1765 sedebat

251 1794 569 1849 Succinctus
592 1796 797 1865 trabea,
833 1796 1096 1866 laevaque
1115 1798 1290 1852 ancile
1315 1798 1544 1867 gerebat

248 1880 423 1950 Picus,
453 1899 652 1951 equum
678 1883 952 1953 domitor;
994 1901 1155 1954 quem
1183 1890 1344 1953 capta
1370 1883 1625 1952 cupidine
1650 1885 1891 1938 coniunx

247 1967 436 2021 Aurea
455 1985 772 2037 percussum
798 1971 954 2039 virga
978 1987 1308 2040 versumque
1333 1972 1563 2024 venenis
2182 1973 2289 2023 190

244 2054 401 2109 Fecit
425 2071 584 2109 avem
612 2056 788 2125 Circe,
816 2058 1122 2128 sparsitque
1153 2059 1434 2114 coloribus
1463 2062 1591 2116 alas,

243 2140 358 2195 Tali
380 2142 535 2195 intus
558 2141 766 2211 templo
790 2143 974 2198 divom
999 2146 1284 2216 patriaque
1312 2147 1542 2202 Latinus

240 2227 387 2282 Sede
411 2228 607 2283 sedens
632 2228 871 2284 Teucros
896 2231 965 2285 ad
991 2247 1109 2286 sese
1133 2233 1191 2286 in
1219 2238 1371 2288 tecta
1392 2236 1642 2303 vocavit3

236 2314 431 2384 Atque
458 2314 597 2369 haec
619 2316 880 2383 ingressis
903 2316 1124 2386 placido
1147 2320 1302 2388 prior
1329 2321 1503 2375 edidit
1528 2339 1657 2376 ore:

310 2402 347 2431 “
360 2401 570 2470 Dicite,
601 2401 1200 2473 Dardanidae—neque
1227 2407 1376 2460 enim
1401 2409 1677 2461 nescimus
1704 2412 1759 2461 et
1793 2407 1987 2461 urbem
2180 2408 2288 2459 195

233 2487 307 2541 Et
331 2505 528 2556 genus,
560 2488 842 2557 auditique
866 2488 1153 2544 advertitis
1180 2509 1416 2561 aequore
1443 2511 1754 2563 cursum,—

231 2574 386 2638 Quid
412 2574 645 2642 petitis?
684 2591 823 2643 quae
848 2593 1012 2631 causa
1034 2581 1183 2631 rates
1208 2583 1304 2632 aut
1329 2580 1483 2633 cuius
1510 2580 1720 2648 egentis

224 2660 393 2715 Litus
422 2660 496 2714 ad
520 2660 832 2714 Ausonium
854 2666 942 2716 tot
965 2680 1065 2731 per
1091 2664 1235 2718 vada
1262 2666 1481 2720 caerula
1507 2666 1694 2720 vexit?

225 2746 363 2801 Sive
392 2764 587 2801 errore
611 2747 750 2817 viae,
781 2765 876 2802 seu
900 2751 1320 2818 tempestatibus
1345 2754 1468 2820 acti,

223 2833 438 2897 Qualia
462 2833 639 2888 multa
660 2834 804 2888 mari
827 2840 1027 2889 nautae
1055 2837 1340 2905 patiuntur
1367 2839 1425 2891 in
1451 2838 1581 2908 alto,
2177 2845 2285 2894 200

219 2918 508 2972 Fluminis
531 2919 782 2974 intrastis
805 2920 952 2990 ripas
979 2927 1254 2992 portuque
1280 2924 1498 2994 sedetiS,

216 3003 311 3059 Ne
336 3006 530 3074 fugite
554 3005 873 3074 hospitium,
904 3023 1043 3062 neve
1071 3008 1322 3076 ignorate
1348 3011 1577 3065 Latinos

212 3091 463 3145 Saturni
487 3097 729 3161 gentem,
757 3092 905 3146 haud
934 3092 1118 3148 vinclo
1145 3112 1248 3149 nec
1270 3096 1484 3165 legibus
1510 3115 1756 3169 aequam,

213 3176 447 3246 Sponte
471 3195 570 3233 sua
594 3180 912 3248 veterisque
937 3180 1026 3234 dei
1052 3198 1112 3234 se
1135 3199 1291 3236 more
1316 3188 1617 3239 tenentem.

209 3263 418 3333 Atque
447 3264 704 3333 equidem
727 3265 1181 3321 memini—fama
1207 3273 1290 3322 est
1315 3270 1599 3324 obscurior
1625 3271 1853 3325 annis—
2174 3273 2281 3324 205

208 3348 527 3405 Auruncos
554 3352 638 3405 ita
660 3351 816 3404 ferre
841 3368 1013 3421 senes,
1041 3353 1129 3406 his
1155 3359 1308 3407 ortus
1333 3360 1396 3408 ut
1430 3357 1573 3424 agris

205 3432 526 3492 Dardanus
551 3437 750 3491 Idaeas
775 3436 1055 3506 Phrygiae
1078 3442 1386 3509 penetrarit
1410 3442 1479 3494 ad
1506 3442 1671 3495 urbes

206 3518 654 3594 Threiciamque
679 3523 907 3592 Samon,
937 3542 1074 3594 quae
1098 3542 1247 3579 nunc
1274 3527 1656 3581 Samothracia
1678 3528 1871 3580 fertur.

367 3611 441 3662 10
