2725 3917
1013 247 1288 302 VERGILI
1335 251 1663 301 AENEIDOS
1710 249 1850 300 VIII.

407 412 635 484 Pallida,
664 414 749 467 dis
772 413 965 483 invisa,
995 431 1265 482 superque
1291 414 1533 466 immane
1559 412 1878 466 barathrum

410 503 696 570 Oernatur,
726 502 1109 570 trepidentque
1136 501 1382 555 immisso
1404 500 1612 553 lumine
1638 499 1842 553 Manes.

404 587 557 658 Ergo
582 590 861 657 insperata
885 590 1218 657 deprensum
1244 588 1303 640 in
1329 587 1453 641 luce
1477 591 1708 655 repente

408 676 795 744 Inclusumque
821 691 957 729 cavo
984 692 1117 728 saxo
1142 682 1306 743 atque
1331 674 1550 726 insueta
1572 673 1862 726 rudentem

407 763 660 831 Desuper
683 761 912 815 Alcides
939 761 1065 838 telis
1088 761 1307 829 premit,
1338 761 1632 829 omniaque
1657 776 1810 812 arma

408 851 682 916 Advocat,
710 855 769 902 et
793 849 960 904 ramis
983 847 1264 916 vastisque
1287 846 1595 900 molaribus
1619 847 1806 899 instat.

408 936 508 990 Ille
534 943 970 1004 autem—neque
995 935 1140 987 enim
1166 934 1297 1002 fuga
1320 934 1430 987 iarn
1460 950 1624 1002 super
1647 933 1762 986 ulla
1783 932 2051 1001 pericli-—

408 1022 680 1077 Faucibus
701 1024 983 1090 ingentem
1007 1022 1233 1089 fumum,
1262 1019 1513 1074 mirabile
1537 1020 1704 1087 dictu,

408 1110 633 1164 Evomit
658 1109 1003 1177 involvitque
1029 1107 1252 1160 domum
1279 1107 1514 1175 caligine
1537 1123 1716 1175 caeca,

408 1196 770 1266 Prospectum
796 1195 1036 1263 eripiens
1060 1194 1247 1261 oculis,
1276 1194 1652 1262 glomeratque
1677 1194 1779 1247 sub
1805 1198 1968 1247 antro

408 1283 744 1336 Fumiferam
770 1286 992 1335 noctem
1021 1280 1333 1334 commixtis
1357 1280 1488 1348 igne
1513 1281 1771 1335 tenebris.

410 1369 540 1423 Non
565 1369 694 1422 tulit
717 1367 942 1421 Alcides
966 1367 1176 1436 animiS,
1208 1384 1375 1436 seque
1399 1367 1517 1436 ipse
1543 1384 1641 1435 per
1665 1368 1850 1435 ignem

409 1455 709 1525 Praecipit-i
731 1456 861 1508 iecit
886 1454 1045 1521 saltu,
1076 1470 1183 1523 qua
1206 1454 1477 1523 plurimus
1501 1454 1704 1508 undam

409 1544 616 1597 Fumus
640 1542 754 1610 agit
779 1541 1086 1610 nebulaque
1107 1542 1302 1610 ingens
1327 1557 1523 1610 specus
1548 1547 1761 1595 aestuat
1785 1546 1922 1595 atra.

411 1631 519 1684 Hic
544 1629 749 1684 Cacum
773 1630 833 1681 in
858 1629 1103 1683 tenebris
1125 1627 1385 1683 incendia
1409 1644 1552 1682 vana
1576 1633 1893 1682 vomentem

297 1787 310 1799 υ
411 1721 654 1789 Corripit
677 1721 738 1774 in
761 1720 967 1775 nodum
998 1720 1327 1789 complexus,
1361 1724 1418 1774 et
1443 1719 1597 1787 angit
1622 1718 1914 1771 inhaerens

409 1808 588 1862 Elisos
615 1808 802 1862 oculos
829 1814 885 1862 et
912 1807 1118 1861 siccum
1144 1808 1409 1876 sanguine
1435 1810 1644 1875 guttur.

409 1893 679 1949 Panditur
704 1896 984 1964 extemplo
1012 1896 1229 1949 foribus
1252 1895 1456 1948 domus
1482 1898 1602 1947 atra
1625 1891 1874 1958 revulsis,

410 1983 846 2052 Abstractaeque
872 1984 1040 2036 boves
1067 1983 1456 2049 abiurataeque
1480 1981 1705 2048 rapinae

412 2069 578 2123 Caelo
604 2070 985 2137 ostenduntur,
1014 2070 1353 2138 pedibusque
1379 2068 1616 2121 informe
1640 2065 1874 2120 cadaver

410 2158 779 2214 Protrahitur.
855 2158 1151 2227 Nequeunt
1177 2157 1387 2227 expleri
1413 2157 1580 2212 corda
1601 2155 1810 2209 tuendo

410 2245 693 2299 Terribilis
718 2244 922 2315 ocuIOS,
950 2246 1162 2299 voltum
1190 2245 1491 2313 villosaque
1517 2244 1681 2297 saetis

409 2330 647 2387 Pectora
671 2332 915 2386 semiferi
941 2337 1106 2400 atque
1133 2332 1435 2385 exstinctos
1458 2331 1710 2385 faucibus
1733 2328 1893 2398 ignis.

409 2418 494 2471 Ex
518 2419 614 2473 illo
640 2419 945 2473 celebratus
968 2419 1165 2485 bonos,
1196 2419 1434 2487 laetique
1459 2418 1700 2470 minores

411 2507 715 2562 Servavere
740 2507 902 2575 diem,
930 2505 1248 2575 primusque
1271 2505 1514 2558 Potitius
1538 2508 1731 2557 auctor

409 2594 483 2648 Et
507 2594 702 2648 domus
725 2593 989 2646 Herculei
1016 2598 1201 2646 custos
1225 2592 1448 2645 Pinaria
1472 2591 1628 2644 sacri.

411 2682 569 2735 Hanc
594 2697 747 2735 aram
772 2679 897 2733 luco
922 2679 1132 2746 statuit,
1157 2695 1295 2747 quae
1322 2678 1566 2731 Maxima
1589 2694 1804 2746 semper

408 2766 641 2821 Dicetur
664 2766 841 2834 nobiS,
870 2771 926 2819 et
952 2766 1059 2819 erit
1086 2782 1224 2834 quae
1249 2765 1494 2818 maxima
1517 2780 1746 2833 semper.

411 2855 593 2920 Quare
619 2853 780 2921 agite,
811 2869 843 2905 o
867 2852 1109 2920 iuvenes,
1138 2856 1420 2905 tantarum
1444 2851 1503 2905 in
1527 2868 1752 2905 munere
1775 2850 1999 2904 laudum

412 2940 631 3008 Gingite
655 2938 849 2992 fronde
874 2954 1060 2992 comas
1085 2943 1141 2992 et
1165 2929 1364 3007 pocula
1387 2939 1602 3007 porgite
1628 2938 1839 2991 dextris

412 3028 881 3093 Communemque
906 3030 1102 3078 vocate
1128 3025 1292 3078 deum
1319 3030 1376 3079 et
1401 3026 1529 3079 date
1556 3027 1687 3079 vina
1711 3024 2018 3078 volente8.''

410 3114 658 3180 Dixerat,
691 3111 960 3165 Herculea
983 3111 1193 3164 bicolor
1219 3129 1343 3165 cum
1371 3111 1603 3181 populus
1628 3112 1824 3165 umbra

410 3200 745 3267 Velavitque
772 3213 956 3250 comas
979 3195 1237 3264 foliisque
1262 3198 1468 3252 innexa
1493 3197 1767 3267 pependit,

414 3287 480 3339 Et
505 3303 659 3340 sacer
682 3281 933 3351 implevit
959 3281 1208 3334 dextram
1236 3285 1489 3353 scyphus.
1566 3284 1734 3338 Ocius
1759 3300 1951 3337 omnes

410 3374 474 3427 In
503 3387 746 3425 mensam
768 3369 899 3423 laeti
924 3368 1099 3421 libant
1125 3367 1391 3438 divosque
1417 3376 1729 3439 precantur.

481 3459 710 3513 Devexo
735 3458 948 3509 interea
971 3453 1197 3522 propior
1223 3454 1284 3508 fit
1310 3456 1525 3524 Vesper
1552 3456 1806 3525 Olympo,

410 3546 636 3612 Iamque
662 3543 972 3596 sacerdotes
996 3540 1313 3608 primusque
1340 3542 1577 3595 Potitius
1600 3542 1774 3610 ibant,

2341 412 2442 463 245

2338 847 2443 899 250

2338 1282 2442 1334 255

2339 1718 2443 1768 260

2338 2154 2441 2204 265

2339 2589 2443 2643 270

2340 3024 2441 3079 275

2342 3458 2444 3510 280
