2725 3917
938 273 1215 324 VERGILI
1260 274 1397 323 AEN
1399 274 1590 325 EIDOS
1633 273 1674 324 1.

284 438 582 493 Praeterea
606 439 900 506 sceptrum,
929 436 1106 490 Ilione
1132 436 1274 505 quod
1302 439 1545 505 gesserat
1568 436 1718 506 olim,

278 525 530 581 Maxima
551 528 809 579 natarum
834 523 1055 592 Priami,
1080 523 1333 592 colloque
1359 522 1565 576 monile

281 611 568 679 Bacatum,
596 615 655 664 et
680 610 957 681 duplicem
980 612 1212 681 gemmis
1237 627 1482 680 auroque
1506 625 1786 664 coronam.
2219 611 2326 664 655

282 699 433 754 Haec
458 699 706 753 celerans
729 699 839 751 iter
861 698 931 752 ad
956 699 1113 751 navis
1136 697 1406 751 tendebat
1430 697 1696 751 Achates⁹

349 785 433 839 At
457 784 737 852 Cytherea
759 800 933 838 novas
957 786 1110 853 artis,
1137 800 1286 838 nova
1309 789 1535 853 pectore
1559 788 1747 838 versat

279 872 540 940 Consilia,
567 877 632 924 ut
654 871 858 925 faciem
880 875 1127 924 mutatus
1148 876 1206 923 et
1232 886 1329 924 ora
1354 868 1570 938 Cupido

280 958 394 1013 Pro
418 959 566 1013 dulci
593 958 836 1012 Ascanio
858 958 1061 1025 veniat,
1091 956 1360 1028 donisque
1385 958 1663 1011 furentem

280 1046 552 1101 Incendat
574 1046 838 1114 reginam,
867 1049 1033 1114 atque
1053 1044 1269 1098 ossibus
1292 1043 1537 1113 implicet
1560 1043 1745 1113 ignem
1759 1063 1777 1099 ε
2217 1047 2325 1100 660

278 1134 501 1203 Quippe
524 1133 752 1187 domum
775 1133 937 1187 timet
962 1132 1273 1201 ambiguam
1299 1132 1601 1200 Tyriosque
1624 1132 1917 1203 bilinguis3

281 1222 410 1276 Urit
435 1227 597 1275 atrox
621 1220 779 1290 Iuno,
809 1224 866 1273 et
890 1220 992 1273 sub
1010 1219 1401 1274 ¹noctem'cura
1417 1223 1684 1274 recursat.

279 1309 429 1378 Ergo
452 1308 543 1361 his
562 1306 831 1376 aligerum
855 1306 1021 1361 dictis
1043 1300 1267 1361 adfatur
1290 1305 1591 1359 Amorem:

283 1398 319 1426 ‘⁶
335 1396 496 1464 Nate,
524 1410 681 1449 meae
702 1395 867 1463 vires,
892 1410 1019 1448 mea
1041 1408 1243 1460 magna
1266 1392 1518 1460 potentia
1541 1392 1705 1462 solus,

281 1482 442 1551 Nate,
471 1482 650 1551 patris
670 1481 873 1535 summi
900 1480 990 1550 qui
1014 1480 1130 1535 tela
1152 1478 1405 1548 Typhoia
1427 1480 1648 1547 temnis,
2215 1479 2325 1534 665

282 1569 374 1623 Ad
396 1574 456 1624 te
480 1568 745 1636 confugio
769 1572 825 1622 et
846 1567 1080 1636 supplex
1103 1573 1202 1621 tua
1224 1566 1460 1620 numina
1477 1582 1667 1635 posco,

281 1656 477 1710 Frater
498 1660 564 1709 ut
586 1655 807 1709 Aeneas
830 1654 1027 1724 pelago
1051 1659 1182 1708 tuus
1206 1655 1394 1708 omnia
1417 1653 1627 1708 circum

281 1743 475 1798 Litora
496 1743 736 1797 iactetur
759 1742 901 1796 odiis
923 1741 1152 1796 Iunonis
1174 1741 1411 1810 iniquae,

282 1829 433 1884 Nota
456 1828 576 1898 tibi,
606 1833 664 1882 et
684 1833 880 1882 nostro
901 1828 1129 1882 doluisti
1149 1843 1315 1896 saepe
1340 1827 1545 1881 dolore.

282 1917 448 1971 Hunc
471 1915 776 1970 Phoenissa
796 1921 953 1970 tenet
976 1916 1125 1970 Dido
1149 1915 1473 1984 blandisque
1497 1919 1746 1969 moratur
2212 1914 2326 1972 670

281 2002 559 2069 Vocibus3
600 2008 656 2056 et
679 2018 892 2071 vereor,
920 2019 1031 2071 quo
1056 2020 1114 2056 se
1139 2001 1376 2056 Iunonia
1397 2007 1623 2056 vertant

282 2089 569 2158 Hospitia3
608 2089 759 2144 haud
784 2094 942 2143 tanto
967 2088 1200 2143 cessabit
1225 2089 1452 2143 cardine
1476 2106 1680 2144 rerum.

283 2175 556 2241 Quocirca
578 2191 776 2244 capere
797 2180 929 2230 ante
953 2175 1096 2229 dolis
1118 2180 1177 2230 et
1196 2177 1422 2245 cingere
1446 2176 1669 2233 flamma

281 2262 554 2331 Reginam
576 2262 832 2332 meditor,
858 2278 933 2316 ne
957 2279 1067 2332 quo
1093 2279 1152 2316 se
1175 2264 1403 2317 numine
1427 2269 1623 2331 mutet,

279 2349 391 2404 Sed
414 2366 619 2419 magno
641 2349 868 2404 Aeneae
891 2365 1108 2404 mecum
1132 2355 1391 2405 teneatur
1418 2365 1620 2405 amore.
1723 2355 1740 2432 Q
1983 2355 1988 2358 “
2219 2350 2323 2407 675

280 2437 404 2502 Qua
425 2438 617 2492 facere
638 2436 698 2489 id
718 2437 906 2506 possis,
935 2439 1181 2492 nostram
1206 2454 1354 2494 nunc
1379 2438 1569 2507 accipe
1594 2443 1867 2492 mentem:

278 2523 486 2593 Regius
511 2524 693 2578 accitu
718 2524 833 2578 cari
857 2524 1124 2593 genitoris
1147 2525 1218 2580 ad
1244 2527 1440 2579 urbem

278 2610 562 2665 Sidoniam
586 2627 726 2680 puer
746 2611 829 2664 ire
853 2616 1028 2679 parat,
1055 2628 1181 2667 mea
1205 2613 1448 2667 maxima
1473 2629 1619 2682 cura,

276 2697 443 2753 Dona
464 2698 650 2752 ferens
671 2697 866 2767 pelago
889 2702 945 2752 et
966 2697 1204 2754 flammis
1226 2700 1495 2754 restantia
1519 2699 1714 2755 Troiae
1732 2719 1748 2768 ς

278 2783 445 2838 Hunc
471 2801 575 2853 ego
597 2783 840 2853 sopitum
865 2800 1061 2839 somno
1087 2802 1251 2854 super
1275 2786 1390 2840 alta
1414 2786 1658 2853 Cythera
1871 2833 1876 2836 .
2214 2791 2325 2842 680

278 2870 397 2924 Aut
420 2887 589 2939 super
612 2870 849 2925 Idalium
873 2877 1086 2927 sacrata
1112 2872 1242 2927 sede
1268 2873 1581 2942 recondam,
2301 2901 2309 2907 ·

276 2955 363 3011 Ne
390 2974 502 3028 qua
524 2958 663 3012 scire
687 2956 847 3012 dolos
868 2958 1153 3013 mediusve
1178 2975 1467 3014 occurrere
1490 2962 1681 3030 possit.

274 3044 354 3100 Tu
379 3045 579 3099 faciem
603 3044 753 3098 illius
774 3050 1135 3099 noctem‘non
1160 3046 1396 3115 amplius
1423 3063 1589 3101 unam

273 3130 426 3185 Falle
451 3131 599 3201 dolo,
630 3136 688 3186 et
709 3135 877 3186 notos
904 3132 1061 3200 pueri
1086 3148 1226 3201 puer
1250 3132 1420 3186 indue
1443 3133 1644 3203 voltuS,

274 3217 366 3287 Ut,
395 3235 523 3273 cum
549 3223 608 3272 te
632 3218 845 3286 gremio
871 3217 1104 3287 accipiet
1123 3218 1427 3273 laetissima
1448 3219 1597 3274 Dido
1797 3255 1802 3262 -
2213 3221 2320 3273 685

274 3301 495 3373 Regalis
517 3304 669 3358 inter
691 3320 912 3357 mensas
934 3303 1262 3374 laticemque
1287 3305 1547 3375 Lyaeum,

275 3388 417 3448 Cum
436 3382 599 3445 dabit
623 3390 912 3459 amplexus
937 3396 1100 3460 atque
1125 3390 1311 3446 oscula
1334 3392 1518 3446 dulcia
1541 3393 1690 3461 figet,

272 3473 569 3536 &aalma
588 3476 831 3546 inspires
853 3476 1039 3545 ignem
1062 3477 1327 3547 fallasque
1352 3480 1628 3533 venen0.”

262 3555 649 3644 *Amor
673 3561 842 3616 dictis
866 3579 1025 3617 carae
1051 3566 1356 3633 genetriciS,
1388 3570 1446 3618 et
1470 3564 1584 3617 alas
1676 3630 1679 3633 ἢ
