2725 3917
976 260 1251 310 VERGILI
1293 260 1431 308 AEN
1434 259 1623 310 EIDOS
1667 260 1729 310 V.

339 420 478 474 Fida
502 436 627 473 reor
650 419 901 473 fraterna
922 419 1118 487 Erycis
1143 422 1447 488 portusque
1472 418 1713 487 SicanoS‚

341 507 398 559 Si
424 506 589 559 modo
614 507 718 559 rite
743 523 954 559 memor
980 510 1199 559 servata
1221 506 1484 558 remetior
1508 505 1710 560 astra.”

340 592 478 644 Tum
503 593 628 660 pius
651 593 901 646 Aeneas:
947 594 979 620 ‘⁴
998 591 1269 660 Equidem
1294 591 1372 645 sic
1398 597 1841 669 poscere-ventos

339 677 664 731 Iamdudum
690 684 748 732 et
771 679 973 732 frustra
998 695 1162 732 cerno
1187 682 1244 731 te
1270 678 1497 731 tendere
1521 683 1732 732 contra.

338 764 525 818 Flecte
552 766 700 818 viam
725 765 877 818 veliS.
953 766 1046 818 An
1073 765 1145 818 sit
1170 765 1308 817 mihi
1333 766 1544 832 gratior
1569 765 1694 833 ulla,

339 850 532 915 Quove
555 852 730 919 magis
753 851 922 904 fessas
947 855 1133 919 optem
1161 850 1453 904 demittere
1477 852 1648 919 navis,

340 935 515 1000 Quam
543 953 681 1005 quae
707 936 1043 991 Dardanium
1069 936 1232 990 tellus
1254 937 1394 989 mihi
1417 947 1600 991 servat
1623 937 1884 1008 Acesten,

335 1021 411 1076 Et
434 1023 608 1092 patris
632 1023 912 1077 Anchisae
936 1025 1147 1092 gremio
1173 1023 1555 1091 complectitur
1580 1026 1734 1077 ossa?
1757 1024 1789 1052 '’

336 1108 489 1163 Haec
514 1111 610 1164 ubi
633 1110 792 1175 dicta,
822 1115 1020 1179 petunt
1041 1115 1251 1178 portus,
1281 1114 1337 1162 et
1362 1109 1486 1164 vela
1510 1110 1733 1163 secundi

336 1195 641 1249 Intendunt
666 1195 938 1264 Zephyri;
979 1197 1158 1248 fertur
1184 1196 1295 1248 cita
1319 1197 1535 1263 gurgite
1560 1195 1764 1266 classiS,

335 1282 410 1336 Et
433 1283 657 1336 tandem
679 1283 811 1336 laeti
837 1288 1000 1336 notae
1027 1282 1391 1336 advertuntur
1414 1284 1671 1338 harenae.

407 1371 488 1422 At
511 1370 703 1437 procul
730 1369 944 1423 excelso
972 1371 1204 1423 miratus
1229 1370 1434 1423 vertice
1458 1371 1663 1423 montis

335 1456 656 1509 Adventum
683 1457 962 1523 sociasque
988 1461 1136 1509 rates
1160 1456 1402 1515 occurrit
1425 1457 1673 1525 Acestes,

335 1542 609 1595 Horridus
633 1542 692 1594 in
714 1541 905 1595 iaculis
930 1547 985 1595 et
1009 1542 1151 1610 pelle
1175 1542 1475 1610 Libystidis
1498 1560 1671 1612 ursae,

335 1629 497 1684 Troia
521 1630 736 1684 Criniso
763 1638 1089 1699 conceptum
1114 1630 1339 1684 flumine
1362 1638 1540 1686 mater

335 1717 513 1782 Quem
538 1719 747 1785 genuit.
820 1717 1091 1772 Veterum
1115 1734 1229 1771 non
1253 1719 1542 1773 immemor
1567 1719 1661 1773 ille
1685 1726 1977 1790 parentum

334 1804 601 1876 Gratatur
625 1803 853 1857 reduces
882 1810 939 1858 et
961 1821 1096 1874 gaza
1118 1805 1296 1859 laetus
1320 1808 1524 1875 agresti

332 1891 569 1960 Excipit,
599 1908 662 1946 ac
686 1892 859 1945 fessos
883 1892 1078 1960 opibus
1103 1893 1312 1948 solatur
1337 1894 1541 1949 amicis,

405 1986 636 2038 Postera
661 2002 785 2039 cum
811 1986 990 2055 primo
1019 1986 1202 2041 stellas
1229 1986 1457 2042 Oriente
1480 1988 1701 2058 fugarat

334 2070 498 2125 Clara
522 2071 651 2140 dies,
681 2074 858 2126 soeios
883 2074 939 2126 in
965 2080 1181 2128 coetum
1209 2075 1373 2128 litore
1398 2076 1465 2128 ab
1492 2077 1641 2129 omni

333 2156 592 2211 Advocat
617 2159 852 2226 Aeneas,
880 2160 1188 2228 tumulique
1214 2177 1282 2214 ex
1308 2178 1506 2229 aggere
1529 2162 1710 2217 fatur:

336 2245 370 2273 “
389 2243 739 2300 Dardanidae
765 2247 965 2315 magni,
996 2264 1168 2315 genus
1192 2248 1304 2302 alto
1329 2266 1362 2303 a
1389 2252 1650 2319 sanguine
1675 2251 1876 2321 divom,

330 2331 569 2384 Annuus
592 2332 800 2387 exactis
824 2333 1130 2401 completur
1153 2336 1430 2390 mensibus
1456 2338 1617 2404 orbis,

330 2415 415 2470 Ex
441 2434 549 2486 quo
575 2419 832 2488 reliquias
857 2421 1139 2491 divinique
1164 2441 1286 2478 ossa
1309 2427 1555 2494 parentis

332 2504 694 2559 Condidimus
717 2512 867 2562 terra
890 2515 1234 2579 maestasque
1259 2514 1589 2568 sacravimus
1614 2531 1753 2571 aras.

329 2590 557 2660 Iamque
583 2593 715 2661 dies,
743 2594 850 2647 nisi
875 2595 1053 2663 fallor,
1084 2597 1253 2666 adest,
1285 2615 1445 2667 quem
1474 2617 1691 2670 semper
1714 2601 1989 2672 acerbum,

329 2677 558 2747 Semper
581 2679 1064 2737 honoratum—sic
1089 2683 1146 2736 di
1170 2685 1724 2743 voluistis—habebo,

329 2763 493 2818 Hunc
519 2782 622 2833 ego
648 2766 897 2822 Gaetulis
921 2786 1139 2837 agerem
1167 2771 1210 2824 si
1237 2771 1492 2840 Syrtibus
1517 2775 1686 2843 exsul,

329 2852 662 2920 Argolicove
685 2855 824 2908 mari
849 2855 1150 2924 deprensus
1175 2863 1231 2911 et
1256 2860 1392 2913 urbe
1418 2859 1698 2929 Mycenae,

330 2937 535 2992 Annua
558 2944 691 2994 vota
715 2945 902 2994 tamen
919 2942 1310 3013 sollemnisque
1336 2945 1527 3001 ordine
1552 2965 1782 3017 pompas

328 3025 687 3095 Exsequerer,
718 3032 1095 3098 strueremque
1106 3031 1232 3110 ,su-is
1258 3032 1453 3087 altaria
1477 3033 1651 3088 donis,

328 3110 492 3166 Nunc
517 3112 663 3167 ultro
689 3113 755 3167 ad
783 3115 995 3168 cineres
1018 3117 1189 3183 ipsius
1215 3122 1269 3170 et
1295 3135 1418 3172 ossa
1441 3120 1700 3188 parentis,

328 3197 494 3252 Haud
521 3199 774 3268 equidem
801 3199 917 3253 sine
941 3205 1126 3255 mente
1152 3219 1293 3269 reor,
1324 3205 1442 3258 sine
1467 3205 1689 3259 numine
1714 3206 1917 3275 divom,

329 3284 611 3340 Adsumus
635 3291 691 3340 et
716 3290 907 3355 portus
932 3286 1102 3340 delati
1128 3288 1400 3344 intramus
1424 3292 1645 3346 amicos,

326 3369 475 3439 Ergo
500 3372 659 3441 agite,
689 3378 745 3426 et
769 3373 972 3426 laetum
1001 3375 1185 3428 cuncti
1211 3376 1549 3431 celebremus
1572 3379 1872 3448 honorem3

326 3455 623 3511 Poscamus
648 3464 858 3526 ventoS,
888 3462 1052 3527 atque
1076 3460 1215 3515 haec
1239 3479 1328 3515 me
1352 3480 1506 3517 sacra
1530 3465 1824 3532 quotannis
1899 3449 1904 3474 ³

328 3539 478 3595 Urbe
502 3543 637 3597 velit
661 3544 838 3612 posita
860 3545 1079 3613 templis
1105 3547 1211 3600 sibi
1236 3548 1380 3601 ferre
1406 3548 1618 3605 dicatis.

2299 512 2366 564 25

2298 946 2367 995 30

2296 1376 2362 1427 35

2291 1813 2363 1864 40

2287 2251 2357 2304 45

2288 2689 2358 2742 50

2289 3122 2357 3173 55
