<?xml version="1.0" encoding="UTF-8"?>
<!DOCTYPE html PUBLIC "-//W3C//DTD XHTML 1.0 Transitional//EN"
    "http://www.w3.org/TR/xhtml1/DTD/xhtml1-transitional.dtd">
<html xmlns="http://www.w3.org/1999/xhtml" xml:lang="en" lang="en">
 <head>
  <title>
</title>
<meta http-equiv="Content-Type" content="text/html;charset=utf-8" />
  <meta name='ocr-system' content='tesseract 3.04.00' />
  <meta name='ocr-capabilities' content='ocr_page ocr_carea ocr_par ocr_line ocrx_word'/>
</head>
<body>
  <div class='ocr_page' id='page_1' title='image "./bucolicsandfirs00friegoog_0208.png"; bbox 0 0 2725 3917; ppageno 0'>
   <div class='ocr_carea' id='block_1_1' title="bbox 1006 214 1788 302">
    <p class='ocr_par' dir='ltr' id='par_1_1' title="bbox 1006 214 1788 302">
     <span class='ocr_line' id='line_1_1' title="bbox 1006 214 1788 302; baseline 0.009 -6"><span class='ocrx_word' id='word_1_1' title='bbox 1006 246 1280 298; x_wconf 77' lang='lat' dir='ltr'>VERGILI</span> <span class='ocrx_word' id='word_1_2' title='bbox 1324 214 1670 301; x_wconf 79' lang='lat' dir='ltr'><strong>AENEmos</strong></span> <span class='ocrx_word' id='word_1_3' title='bbox 1699 252 1788 302; x_wconf 68' lang='lat' dir='ltr'><strong>VJ„</strong></span> 
     </span>
    </p>
   </div>
   <div class='ocr_carea' id='block_1_2' title="bbox 383 404 1869 739">
    <p class='ocr_par' dir='ltr' id='par_1_2' title="bbox 383 404 1869 739">
     <span class='ocr_line' id='line_1_2' title="bbox 385 404 1774 478; baseline 0.006 -20"><span class='ocrx_word' id='word_1_4' title='bbox 385 404 588 459; x_wconf 84' lang='lat' dir='ltr'><strong>Saxum</strong></span> <span class='ocrx_word' id='word_1_5' title='bbox 614 405 808 475; x_wconf 88' lang='lat' dir='ltr'><strong>ingens</strong></span> <span class='ocrx_word' id='word_1_6' title='bbox 833 406 1065 460; x_wconf 85' lang='lat' dir='ltr'><strong>volvunt</strong></span> <span class='ocrx_word' id='word_1_7' title='bbox 1090 407 1196 477; x_wconf 88' lang='lat' dir='ltr'><strong>alii,</strong></span> <span class='ocrx_word' id='word_1_8' title='bbox 1225 409 1500 478; x_wconf 84' lang='lat' dir='ltr'><strong>radiisque</strong></span> <span class='ocrx_word' id='word_1_9' title='bbox 1524 416 1774 466; x_wconf 88' lang='lat' dir='ltr'><strong>rotarum</strong></span> 
     </span>
     <span class='ocr_line' id='line_1_3' title="bbox 383 492 1818 569; baseline 0.006 -25"><span class='ocrx_word' id='word_1_10' title='bbox 383 492 637 545; x_wconf 87' lang='lat' dir='ltr'><strong>Districti</strong></span> <span class='ocrx_word' id='word_1_11' title='bbox 662 493 929 562; x_wconf 83' lang='lat' dir='ltr'><strong>pendent3</strong></span> <span class='ocrx_word' id='word_1_12' title='bbox 972 495 1141 562; x_wconf 84' lang='lat' dir='ltr'><strong>sedet,</strong></span> <span class='ocrx_word' id='word_1_13' title='bbox 1165 506 1566 566; x_wconf 82' lang='lat' dir='ltr'><strong>aeternumque</strong></span> <span class='ocrx_word' id='word_1_14' title='bbox 1590 500 1818 569; x_wconf 84' lang='lat' dir='ltr'>sedebit,</span> 
     </span>
     <span class='ocr_line' id='line_1_4' title="bbox 384 578 1869 650; baseline 0.007 -19"><span class='ocrx_word' id='word_1_15' title='bbox 384 578 583 638; x_wconf 85' lang='lat' dir='ltr'>Infelix</span> <span class='ocrx_word' id='word_1_16' title='bbox 607 579 876 649; x_wconf 87' lang='lat' dir='ltr'><strong>Theseus;</strong></span> <span class='ocrx_word' id='word_1_17' title='bbox 918 580 1302 650; x_wconf 80' lang='lat' dir='ltr'><strong>Phlegyasque</strong></span> <span class='ocrx_word' id='word_1_18' title='bbox 1328 585 1663 639; x_wconf 87' lang='lat' dir='ltr'><strong>miserrimus</strong></span> <span class='ocrx_word' id='word_1_19' title='bbox 1689 587 1869 642; x_wconf 87' lang='lat' dir='ltr'><strong>omnis</strong></span> 
     </span>
     <span class='ocr_line' id='line_1_5' title="bbox 383 665 1798 739; baseline 0.008 -22"><span class='ocrx_word' id='word_1_20' title='bbox 383 665 668 719; x_wconf 81' lang='lat' dir='ltr'><strong>Admonet</strong></span> <span class='ocrx_word' id='word_1_21' title='bbox 693 672 748 720; x_wconf 93' lang='lat' dir='ltr'><strong>et</strong></span> <span class='ocrx_word' id='word_1_22' title='bbox 772 684 975 736; x_wconf 87' lang='lat' dir='ltr'><strong>magna</strong></span> <span class='ocrx_word' id='word_1_23' title='bbox 998 673 1233 722; x_wconf 88' lang='lat' dir='ltr'><strong>testatur</strong></span> <span class='ocrx_word' id='word_1_24' title='bbox 1260 686 1396 724; x_wconf 88' lang='lat' dir='ltr'><strong>voce</strong></span> <span class='ocrx_word' id='word_1_25' title='bbox 1420 687 1520 739; x_wconf 89' lang='lat' dir='ltr'><strong>per</strong></span> <span class='ocrx_word' id='word_1_26' title='bbox 1545 673 1798 728; x_wconf 86' lang='lat' dir='ltr'><strong>umbras:</strong></span> 
     </span>
    </p>
   </div>
   <div class='ocr_carea' id='block_1_3' title="bbox 385 753 1942 910">
    <p class='ocr_par' dir='ltr' id='par_1_3' title="bbox 385 753 1942 910">
     <span class='ocr_line' id='line_1_6' title="bbox 388 753 1927 825; baseline 0.008 -21"><span class='ocrx_word' id='word_1_27' title='bbox 388 753 646 805; x_wconf 82' lang='lat' dir='ltr'>“Discite</span> <span class='ocrx_word' id='word_1_28' title='bbox 672 753 936 808; x_wconf 87' lang='lat' dir='ltr'><strong>iustitiam</strong></span> <span class='ocrx_word' id='word_1_29' title='bbox 974 756 1188 825; x_wconf 88' lang='lat' dir='ltr'><strong>moniti,</strong></span> <span class='ocrx_word' id='word_1_30' title='bbox 1219 761 1275 809; x_wconf 92' lang='lat' dir='ltr'><strong>et</strong></span> <span class='ocrx_word' id='word_1_31' title='bbox 1297 773 1411 810; x_wconf 90' lang='lat' dir='ltr'><strong>non</strong></span> <span class='ocrx_word' id='word_1_32' title='bbox 1438 764 1686 813; x_wconf 80' lang='lat' dir='ltr'><strong>temnere</strong></span> <span class='ocrx_word' id='word_1_33' title='bbox 1713 759 1927 817; x_wconf 86' lang='lat' dir='ltr'><strong>divos.”</strong></span> 
     </span>
     <span class='ocr_line' id='line_1_7' title="bbox 385 832 1942 910; baseline 0.009 -25"><span class='ocrx_word' id='word_1_34' title='bbox 385 832 655 886; x_wconf 80' lang='lat' dir='ltr'><strong>Vendidit</strong></span> <span class='ocrx_word' id='word_1_35' title='bbox 680 833 770 887; x_wconf 90' lang='lat' dir='ltr'><strong>hic</strong></span> <span class='ocrx_word' id='word_1_36' title='bbox 797 851 931 888; x_wconf 88' lang='lat' dir='ltr'><strong>auro</strong></span> <span class='ocrx_word' id='word_1_37' title='bbox 954 836 1205 905; x_wconf 88' lang='lat' dir='ltr'><strong>patriam,</strong></span> <span class='ocrx_word' id='word_1_38' title='bbox 1235 837 1629 908; x_wconf 89' lang='lat' dir='ltr'><strong>dominumque</strong></span> <span class='ocrx_word' id='word_1_39' title='bbox 1654 847 1942 910; x_wconf 86' lang='lat' dir='ltr'><strong>potentem</strong></span> 
     </span>
    </p>
   </div>
   <div class='ocr_carea' id='block_1_4' title="bbox 329 920 2101 3616">
    <p class='ocr_par' dir='ltr' id='par_1_4' title="bbox 384 920 1659 996">
     <span class='ocr_line' id='line_1_8' title="bbox 384 920 1659 996; baseline 0.007 -23"><span class='ocrx_word' id='word_1_40' title='bbox 384 920 685 989; x_wconf 84' lang='lat' dir='ltr'><strong>Imposuit;</strong></span> <span class='ocrx_word' id='word_1_41' title='bbox 725 920 850 974; x_wconf 88' lang='lat' dir='ltr'><strong>fixit</strong></span> <span class='ocrx_word' id='word_1_42' title='bbox 872 921 1021 991; x_wconf 86' lang='lat' dir='ltr'><strong>leges</strong></span> <span class='ocrx_word' id='word_1_43' title='bbox 1046 925 1227 991; x_wconf 90' lang='lat' dir='ltr'><strong>pretio</strong></span> <span class='ocrx_word' id='word_1_44' title='bbox 1256 929 1419 993; x_wconf 88' lang='lat' dir='ltr'><strong>atque</strong></span> <span class='ocrx_word' id='word_1_45' title='bbox 1447 927 1659 996; x_wconf 88' lang='lat' dir='ltr'><strong>refixit;</strong></span> 
     </span>
    </p>

    <p class='ocr_par' dir='ltr' id='par_1_5' title="bbox 385 1008 1960 1173">
     <span class='ocr_line' id='line_1_9' title="bbox 385 1008 1960 1087; baseline 0.008 -26"><span class='ocrx_word' id='word_1_46' title='bbox 385 1008 491 1062; x_wconf 91' lang='lat' dir='ltr'><strong>Hic</strong></span> <span class='ocrx_word' id='word_1_47' title='bbox 514 1008 818 1062; x_wconf 82' lang='lat' dir='ltr'><strong>thalamum</strong></span> <span class='ocrx_word' id='word_1_48' title='bbox 844 1009 1046 1065; x_wconf 88' lang='lat' dir='ltr'><strong>invasit</strong></span> <span class='ocrx_word' id='word_1_49' title='bbox 1070 1017 1236 1067; x_wconf 86' lang='lat' dir='ltr'><strong>natae</strong></span> <span class='ocrx_word' id='word_1_50' title='bbox 1261 1017 1569 1087; x_wconf 87' lang='lat' dir='ltr'><strong>vetitosque</strong></span> <span class='ocrx_word' id='word_1_51' title='bbox 1592 1019 1960 1086; x_wconf 80' lang='lat' dir='ltr'><strong>hymenaeos3</strong></span> 
     </span>
     <span class='ocr_line' id='line_1_10' title="bbox 386 1095 1678 1173; baseline 0.009 -25"><span class='ocrx_word' id='word_1_52' title='bbox 386 1096 524 1149; x_wconf 83' lang='lat' dir='ltr'>Ausi</span> <span class='ocrx_word' id='word_1_53' title='bbox 551 1112 741 1148; x_wconf 91' lang='lat' dir='ltr'><strong>omnes</strong></span> <span class='ocrx_word' id='word_1_54' title='bbox 763 1095 1003 1149; x_wconf 87' lang='lat' dir='ltr'><strong>immane</strong></span> <span class='ocrx_word' id='word_1_55' title='bbox 1027 1098 1194 1165; x_wconf 87' lang='lat' dir='ltr'><strong>nefas,</strong></span> <span class='ocrx_word' id='word_1_56' title='bbox 1230 1117 1472 1172; x_wconf 88' lang='lat' dir='ltr'><strong>ausoque</strong></span> <span class='ocrx_word' id='word_1_57' title='bbox 1500 1105 1678 1173; x_wconf 84' lang='lat' dir='ltr'><strong>potiti.</strong></span> 
     </span>
    </p>

    <p class='ocr_par' dir='ltr' id='par_1_6' title="bbox 383 1181 1925 1436">
     <span class='ocr_line' id='line_1_11' title="bbox 383 1181 1898 1262; baseline 0.007 -25"><span class='ocrx_word' id='word_1_58' title='bbox 383 1182 530 1250; x_wconf 83' lang='lat' dir='ltr'><strong>Non,</strong></span> <span class='ocrx_word' id='word_1_59' title='bbox 559 1182 695 1234; x_wconf 87' lang='lat' dir='ltr'><strong>mihi</strong></span> <span class='ocrx_word' id='word_1_60' title='bbox 722 1182 767 1235; x_wconf 88' lang='lat' dir='ltr'><strong>si</strong></span> <span class='ocrx_word' id='word_1_61' title='bbox 792 1181 1011 1251; x_wconf 88' lang='lat' dir='ltr'><strong>linguae</strong></span> <span class='ocrx_word' id='word_1_62' title='bbox 1042 1192 1263 1242; x_wconf 87' lang='lat' dir='ltr'><strong>centum</strong></span> <span class='ocrx_word' id='word_1_63' title='bbox 1292 1190 1405 1244; x_wconf 86' lang='lat' dir='ltr'><strong>sint</strong></span> <span class='ocrx_word' id='word_1_64' title='bbox 1431 1209 1635 1262; x_wconf 90' lang='lat' dir='ltr'><strong>oraque</strong></span> <span class='ocrx_word' id='word_1_65' title='bbox 1660 1199 1898 1260; x_wconf 88' lang='lat' dir='ltr'><strong>centum,</strong></span> 
     </span>
     <span class='ocr_line' id='line_1_12' title="bbox 383 1270 1925 1350; baseline 0.008 -27"><span class='ocrx_word' id='word_1_66' title='bbox 383 1270 587 1324; x_wconf 80' lang='lat' dir='ltr'><strong>Ferrea</strong></span> <span class='ocrx_word' id='word_1_67' title='bbox 612 1287 736 1339; x_wconf 89' lang='lat' dir='ltr'><strong>vox,</strong></span> <span class='ocrx_word' id='word_1_68' title='bbox 766 1273 945 1326; x_wconf 85' lang='lat' dir='ltr'><strong>omnis</strong></span> <span class='ocrx_word' id='word_1_69' title='bbox 970 1276 1237 1330; x_wconf 83' lang='lat' dir='ltr'><strong>scelerum</strong></span> <span class='ocrx_word' id='word_1_70' title='bbox 1268 1281 1667 1348; x_wconf 88' lang='lat' dir='ltr'><strong>comprendere</strong></span> <span class='ocrx_word' id='word_1_71' title='bbox 1703 1282 1925 1350; x_wconf 85' lang='lat' dir='ltr'><strong>formas,</strong></span> 
     </span>
     <span class='ocr_line' id='line_1_13' title="bbox 385 1357 1804 1436; baseline 0.011 -28"><span class='ocrx_word' id='word_1_72' title='bbox 385 1357 587 1411; x_wconf 88' lang='lat' dir='ltr'><strong>Omnia</strong></span> <span class='ocrx_word' id='word_1_73' title='bbox 609 1375 915 1427; x_wconf 88' lang='lat' dir='ltr'><strong>poenarum</strong></span> <span class='ocrx_word' id='word_1_74' title='bbox 940 1378 1263 1430; x_wconf 87' lang='lat' dir='ltr'><strong>percurrere</strong></span> <span class='ocrx_word' id='word_1_75' title='bbox 1290 1368 1518 1421; x_wconf 89' lang='lat' dir='ltr'><strong>nomina</strong></span> <span class='ocrx_word' id='word_1_76' title='bbox 1541 1369 1804 1436; x_wconf 84' lang='lat' dir='ltr'><strong>possim.&#39;’</strong></span> 
     </span>
    </p>

    <p class='ocr_par' dir='ltr' id='par_1_7' title="bbox 381 1445 2101 2219">
     <span class='ocr_line' id='line_1_14' title="bbox 410 1445 1924 1522; baseline 0.008 -24"><span class='ocrx_word' id='word_1_77' title='bbox 410 1468 415 1473; x_wconf 90' lang='lat'><em>·</em></span> <span class='ocrx_word' id='word_1_78' title='bbox 453 1446 607 1499; x_wconf 86' lang='lat' dir='ltr'><strong>Haec</strong></span> <span class='ocrx_word' id='word_1_79' title='bbox 631 1445 724 1498; x_wconf 87' lang='lat' dir='ltr'><strong>ubi</strong></span> <span class='ocrx_word' id='word_1_80' title='bbox 752 1445 901 1500; x_wconf 86' lang='lat' dir='ltr'><strong>dicta</strong></span> <span class='ocrx_word' id='word_1_81' title='bbox 925 1448 1080 1504; x_wconf 86' lang='lat' dir='ltr'><strong>dedit</strong></span> <span class='ocrx_word' id='word_1_82' title='bbox 1102 1451 1317 1508; x_wconf 87' lang='lat' dir='ltr'><strong>Phoebi</strong></span> <span class='ocrx_word' id='word_1_83' title='bbox 1342 1454 1612 1522; x_wconf 84' lang='lat' dir='ltr'><strong>longaeva</strong></span> <span class='ocrx_word' id='word_1_84' title='bbox 1636 1456 1924 1510; x_wconf 82' lang='lat' dir='ltr'><strong>sacerdos:</strong></span> 
     </span>
     <span class='ocr_line' id='line_1_15' title="bbox 389 1533 2101 1613; baseline 0.006 -26"><span class='ocrx_word' id='word_1_85' title='bbox 389 1536 421 1562; x_wconf 77' lang='lat'><strong>‘⁶</strong></span> <span class='ocrx_word' id='word_1_86' title='bbox 437 1533 546 1587; x_wconf 84' lang='lat' dir='ltr'><strong>Sed</strong></span> <span class='ocrx_word' id='word_1_87' title='bbox 571 1533 680 1587; x_wconf 87' lang='lat' dir='ltr'><strong>iam</strong></span> <span class='ocrx_word' id='word_1_88' title='bbox 707 1552 823 1603; x_wconf 85' lang='lat' dir='ltr'><strong>age,</strong></span> <span class='ocrx_word' id='word_1_89' title='bbox 855 1554 1018 1606; x_wconf 90' lang='lat' dir='ltr'><strong>carpe</strong></span> <span class='ocrx_word' id='word_1_90' title='bbox 1043 1539 1191 1593; x_wconf 88' lang='lat' dir='ltr'><strong>viam</strong></span> <span class='ocrx_word' id='word_1_91' title='bbox 1218 1545 1275 1594; x_wconf 89' lang='lat' dir='ltr'><strong>et</strong></span> <span class='ocrx_word' id='word_1_92' title='bbox 1300 1547 1616 1609; x_wconf 87' lang='lat' dir='ltr'><strong>susceptum</strong></span> <span class='ocrx_word' id='word_1_93' title='bbox 1642 1542 1845 1611; x_wconf 88' lang='lat' dir='ltr'><strong>perfice</strong></span> <span class='ocrx_word' id='word_1_94' title='bbox 1868 1560 2101 1613; x_wconf 89' lang='lat' dir='ltr'><strong>munus;</strong></span> 
     </span>
     <span class='ocr_line' id='line_1_16' title="bbox 386 1621 1845 1696; baseline 0.006 -22"><span class='ocrx_word' id='word_1_95' title='bbox 386 1621 777 1676; x_wconf 88' lang='lat' dir='ltr'><strong>Acceleremus</strong></span> <span class='ocrx_word' id='word_1_96' title='bbox 797 1624 830 1651; x_wconf 84' lang='lat'><strong>&#39;’</strong></span> <span class='ocrx_word' id='word_1_97' title='bbox 859 1626 965 1680; x_wconf 89' lang='lat' dir='ltr'><strong>ait:</strong></span> <span class='ocrx_word' id='word_1_98' title='bbox 1011 1629 1044 1655; x_wconf 72' lang='lat'><strong>‘⁶</strong></span> <span class='ocrx_word' id='word_1_99' title='bbox 1061 1627 1364 1696; x_wconf 83' lang='lat' dir='ltr'><strong>Cyclopum</strong></span> <span class='ocrx_word' id='word_1_100' title='bbox 1392 1630 1592 1683; x_wconf 87' lang='lat' dir='ltr'><strong>educta</strong></span> <span class='ocrx_word' id='word_1_101' title='bbox 1616 1630 1845 1683; x_wconf 90' lang='lat' dir='ltr'><strong>caminis</strong></span> 
     </span>
     <span class='ocr_line' id='line_1_17' title="bbox 381 1707 1821 1785; baseline 0.006 -24"><span class='ocrx_word' id='word_1_102' title='bbox 381 1707 603 1763; x_wconf 87' lang='lat' dir='ltr'><strong>Moenia</strong></span> <span class='ocrx_word' id='word_1_103' title='bbox 627 1710 906 1779; x_wconf 84' lang='lat' dir='ltr'><strong>conspicio</strong></span> <span class='ocrx_word' id='word_1_104' title='bbox 932 1718 1095 1782; x_wconf 89' lang='lat' dir='ltr'><strong>atque</strong></span> <span class='ocrx_word' id='word_1_105' title='bbox 1120 1715 1350 1770; x_wconf 86' lang='lat' dir='ltr'><strong>adverso</strong></span> <span class='ocrx_word' id='word_1_106' title='bbox 1375 1716 1592 1770; x_wconf 85' lang='lat' dir='ltr'><strong>fornice</strong></span> <span class='ocrx_word' id='word_1_107' title='bbox 1618 1722 1821 1785; x_wconf 88' lang='lat' dir='ltr'><strong>portas,</strong></span> 
     </span>
     <span class='ocr_line' id='line_1_18' title="bbox 383 1793 1855 1870; baseline 0.007 -24"><span class='ocrx_word' id='word_1_108' title='bbox 383 1793 534 1848; x_wconf 88' lang='lat' dir='ltr'><strong>Haec</strong></span> <span class='ocrx_word' id='word_1_109' title='bbox 560 1795 655 1848; x_wconf 91' lang='lat' dir='ltr'><strong>ubi</strong></span> <span class='ocrx_word' id='word_1_110' title='bbox 680 1812 783 1850; x_wconf 87' lang='lat' dir='ltr'><strong>nos</strong></span> <span class='ocrx_word' id='word_1_111' title='bbox 806 1805 1103 1868; x_wconf 89' lang='lat' dir='ltr'><strong>praecepta</strong></span> <span class='ocrx_word' id='word_1_112' title='bbox 1130 1801 1323 1854; x_wconf 87' lang='lat' dir='ltr'><strong>iubent</strong></span> <span class='ocrx_word' id='word_1_113' title='bbox 1352 1802 1630 1870; x_wconf 79' lang='lat' dir='ltr'><strong>deponere</strong></span> <span class='ocrx_word' id='word_1_114' title='bbox 1654 1802 1855 1856; x_wconf 91' lang='lat' dir='ltr'><strong>dona.”</strong></span> 
     </span>
     <span class='ocr_line' id='line_1_19' title="bbox 382 1882 1745 1957; baseline 0.004 -22"><span class='ocrx_word' id='word_1_115' title='bbox 382 1882 629 1951; x_wconf 83' lang='lat' dir='ltr'><strong>Dixerat,</strong></span> <span class='ocrx_word' id='word_1_116' title='bbox 660 1888 718 1937; x_wconf 89' lang='lat' dir='ltr'><strong>et</strong></span> <span class='ocrx_word' id='word_1_117' title='bbox 741 1886 961 1955; x_wconf 90' lang='lat' dir='ltr'><strong>pariter,</strong></span> <span class='ocrx_word' id='word_1_118' title='bbox 991 1890 1162 1955; x_wconf 80' lang='lat' dir='ltr'><strong>gressi</strong></span> <span class='ocrx_word' id='word_1_119' title='bbox 1189 1905 1288 1956; x_wconf 89' lang='lat' dir='ltr'><strong>per</strong></span> <span class='ocrx_word' id='word_1_120' title='bbox 1316 1906 1487 1957; x_wconf 86' lang='lat' dir='ltr'><strong>opaca</strong></span> <span class='ocrx_word' id='word_1_121' title='bbox 1516 1890 1745 1957; x_wconf 85' lang='lat' dir='ltr'><strong>viarum,</strong></span> 
     </span>
     <span class='ocr_line' id='line_1_20' title="bbox 384 1969 2018 2045; baseline 0.006 -23"><span class='ocrx_word' id='word_1_122' title='bbox 384 1969 704 2040; x_wconf 85' lang='lat' dir='ltr'><strong>Corripiunt</strong></span> <span class='ocrx_word' id='word_1_123' title='bbox 729 1973 966 2040; x_wconf 88' lang='lat' dir='ltr'><strong>spatium</strong></span> <span class='ocrx_word' id='word_1_124' title='bbox 990 1975 1247 2042; x_wconf 89' lang='lat' dir='ltr'><strong>medium,</strong></span> <span class='ocrx_word' id='word_1_125' title='bbox 1279 1976 1604 2044; x_wconf 83' lang='lat' dir='ltr'><strong>foribusque</strong></span> <span class='ocrx_word' id='word_1_126' title='bbox 1627 1976 2018 2045; x_wconf 84' lang='lat' dir='ltr'><strong>propinquant.</strong></span> 
     </span>
     <span class='ocr_line' id='line_1_21' title="bbox 384 2057 1703 2129; baseline 0.005 -20"><span class='ocrx_word' id='word_1_127' title='bbox 384 2057 633 2125; x_wconf 78' lang='lat' dir='ltr'><strong>occupat</strong></span> <span class='ocrx_word' id='word_1_128' title='bbox 660 2058 878 2112; x_wconf 86' lang='lat' dir='ltr'><strong>Aeneas</strong></span> <span class='ocrx_word' id='word_1_129' title='bbox 902 2060 1127 2129; x_wconf 89' lang='lat' dir='ltr'><strong>aditum,</strong></span> <span class='ocrx_word' id='word_1_130' title='bbox 1160 2078 1466 2129; x_wconf 82' lang='lat' dir='ltr'><strong>corpusque</strong></span> <span class='ocrx_word' id='word_1_131' title='bbox 1493 2064 1703 2116; x_wconf 89' lang='lat' dir='ltr'><strong>recenti</strong></span> 
     </span>
     <span class='ocr_line' id='line_1_22' title="bbox 384 2146 1859 2219; baseline 0.004 -21"><span class='ocrx_word' id='word_1_132' title='bbox 384 2146 604 2215; x_wconf 87' lang='lat' dir='ltr'><strong>Spargit</strong></span> <span class='ocrx_word' id='word_1_133' title='bbox 630 2164 785 2216; x_wconf 91' lang='lat' dir='ltr'><strong>aqua,</strong></span> <span class='ocrx_word' id='word_1_134' title='bbox 816 2163 1138 2215; x_wconf 89' lang='lat' dir='ltr'><strong>ramumque</strong></span> <span class='ocrx_word' id='word_1_135' title='bbox 1167 2148 1398 2201; x_wconf 86' lang='lat' dir='ltr'><strong>adverso</strong></span> <span class='ocrx_word' id='word_1_136' title='bbox 1422 2149 1479 2200; x_wconf 91' lang='lat' dir='ltr'><strong>in</strong></span> <span class='ocrx_word' id='word_1_137' title='bbox 1508 2149 1697 2203; x_wconf 90' lang='lat' dir='ltr'><strong>limine</strong></span> <span class='ocrx_word' id='word_1_138' title='bbox 1721 2150 1859 2219; x_wconf 86' lang='lat' dir='ltr'><strong>figit.</strong></span> 
     </span>
    </p>

    <p class='ocr_par' dir='ltr' id='par_1_8' title="bbox 380 2233 1784 2478">
     <span class='ocr_line' id='line_1_23' title="bbox 453 2233 1784 2305; baseline 0.004 -20"><span class='ocrx_word' id='word_1_139' title='bbox 453 2233 556 2286; x_wconf 91' lang='lat' dir='ltr'><strong>His</strong></span> <span class='ocrx_word' id='word_1_140' title='bbox 582 2233 801 2287; x_wconf 77' lang='lat' dir='ltr'><strong>demum</strong></span> <span class='ocrx_word' id='word_1_141' title='bbox 830 2234 1050 2301; x_wconf 81' lang='lat' dir='ltr'><strong>exactis,</strong></span> <span class='ocrx_word' id='word_1_142' title='bbox 1079 2234 1331 2301; x_wconf 80' lang='lat' dir='ltr'><strong>perfecto</strong></span> <span class='ocrx_word' id='word_1_143' title='bbox 1357 2251 1584 2288; x_wconf 86' lang='lat' dir='ltr'><strong>munere</strong></span> <span class='ocrx_word' id='word_1_144' title='bbox 1609 2236 1784 2305; x_wconf 80' lang='lat' dir='ltr'><strong>divae,</strong></span> 
     </span>
     <span class='ocr_line' id='line_1_24' title="bbox 380 2319 1623 2377; baseline 0.004 -5"><span class='ocrx_word' id='word_1_145' title='bbox 380 2319 670 2374; x_wconf 79' lang='lat' dir='ltr'><strong>Devenere</strong></span> <span class='ocrx_word' id='word_1_146' title='bbox 695 2321 844 2374; x_wconf 89' lang='lat' dir='ltr'><strong>locos</strong></span> <span class='ocrx_word' id='word_1_147' title='bbox 868 2319 1044 2374; x_wconf 84' lang='lat' dir='ltr'><strong>laetos</strong></span> <span class='ocrx_word' id='word_1_148' title='bbox 1073 2325 1130 2374; x_wconf 88' lang='lat' dir='ltr'><strong>et</strong></span> <span class='ocrx_word' id='word_1_149' title='bbox 1154 2337 1387 2375; x_wconf 88' lang='lat' dir='ltr'><strong>amoena</strong></span> <span class='ocrx_word' id='word_1_150' title='bbox 1413 2322 1623 2377; x_wconf 80' lang='lat' dir='ltr'><strong>virecta</strong></span> 
     </span>
     <span class='ocr_line' id='line_1_25' title="bbox 380 2407 1652 2478; baseline 0.004 -19"><span class='ocrx_word' id='word_1_151' title='bbox 380 2407 811 2461; x_wconf 85' lang='lat' dir='ltr'><strong>Fortunatorum</strong></span> <span class='ocrx_word' id='word_1_152' title='bbox 839 2423 1129 2462; x_wconf 89' lang='lat' dir='ltr'><strong>nemorum</strong></span> <span class='ocrx_word' id='word_1_153' title='bbox 1156 2409 1422 2478; x_wconf 89' lang='lat' dir='ltr'><strong>sedesque</strong></span> <span class='ocrx_word' id='word_1_154' title='bbox 1448 2410 1652 2465; x_wconf 85' lang='lat' dir='ltr'><strong>beatas.</strong></span> 
     </span>
    </p>

    <p class='ocr_par' dir='ltr' id='par_1_9' title="bbox 381 2496 1783 2657">
     <span class='ocr_line' id='line_1_26' title="bbox 382 2496 1706 2569; baseline 0.002 -20"><span class='ocrx_word' id='word_1_155' title='bbox 382 2496 611 2567; x_wconf 88' lang='lat' dir='ltr'><strong>Largior</strong></span> <span class='ocrx_word' id='word_1_156' title='bbox 635 2501 725 2556; x_wconf 92' lang='lat' dir='ltr'><strong>hic</strong></span> <span class='ocrx_word' id='word_1_157' title='bbox 752 2517 975 2569; x_wconf 89' lang='lat' dir='ltr'><strong>campos</strong></span> <span class='ocrx_word' id='word_1_158' title='bbox 1001 2499 1192 2553; x_wconf 85' lang='lat' dir='ltr'><strong>aether</strong></span> <span class='ocrx_word' id='word_1_159' title='bbox 1222 2502 1277 2550; x_wconf 90' lang='lat' dir='ltr'><strong>et</strong></span> <span class='ocrx_word' id='word_1_160' title='bbox 1302 2496 1511 2550; x_wconf 89' lang='lat' dir='ltr'><strong>lumine</strong></span> <span class='ocrx_word' id='word_1_161' title='bbox 1537 2500 1706 2552; x_wconf 88' lang='lat' dir='ltr'><strong>vestit</strong></span> 
     </span>
     <span class='ocr_line' id='line_1_27' title="bbox 381 2584 1783 2657; baseline 0.002 -19"><span class='ocrx_word' id='word_1_162' title='bbox 381 2584 683 2656; x_wconf 87' lang='lat' dir='ltr'><strong>Purpureo,</strong></span> <span class='ocrx_word' id='word_1_163' title='bbox 715 2588 996 2657; x_wconf 88' lang='lat' dir='ltr'><strong>solemque</strong></span> <span class='ocrx_word' id='word_1_164' title='bbox 1024 2602 1198 2653; x_wconf 90' lang='lat' dir='ltr'><strong>suum,</strong></span> <span class='ocrx_word' id='word_1_165' title='bbox 1231 2601 1329 2637; x_wconf 88' lang='lat' dir='ltr'><strong>sua</strong></span> <span class='ocrx_word' id='word_1_166' title='bbox 1356 2584 1537 2638; x_wconf 88' lang='lat' dir='ltr'><strong>sidera</strong></span> <span class='ocrx_word' id='word_1_167' title='bbox 1562 2591 1783 2640; x_wconf 88' lang='lat' dir='ltr'><strong>norunt.</strong></span> 
     </span>
    </p>

    <p class='ocr_par' dir='ltr' id='par_1_10' title="bbox 329 2672 1808 2827">
     <span class='ocr_line' id='line_1_28' title="bbox 329 2672 1808 2743; baseline 0.001 -18"><span class='ocrx_word' id='word_1_168' title='bbox 329 2699 334 2708; x_wconf 88' lang='lat'><strong>·</strong></span> <span class='ocrx_word' id='word_1_169' title='bbox 380 2673 519 2726; x_wconf 87' lang='lat' dir='ltr'><strong>Pars</strong></span> <span class='ocrx_word' id='word_1_170' title='bbox 541 2675 602 2727; x_wconf 91' lang='lat' dir='ltr'><strong>in</strong></span> <span class='ocrx_word' id='word_1_171' title='bbox 626 2675 918 2743; x_wconf 88' lang='lat' dir='ltr'><strong>gramineis</strong></span> <span class='ocrx_word' id='word_1_172' title='bbox 943 2680 1203 2729; x_wconf 85' lang='lat' dir='ltr'><strong>exercent</strong></span> <span class='ocrx_word' id='word_1_173' title='bbox 1232 2672 1483 2726; x_wconf 89' lang='lat' dir='ltr'><strong>membra</strong></span> <span class='ocrx_word' id='word_1_174' title='bbox 1507 2673 1808 2741; x_wconf 76' lang='lat' dir='ltr'><strong>palaestriS‚</strong></span> 
     </span>
     <span class='ocr_line' id='line_1_29' title="bbox 382 2759 1730 2827; baseline 0.002 -15"><span class='ocrx_word' id='word_1_175' title='bbox 382 2759 741 2815; x_wconf 85' lang='lat' dir='ltr'><strong>Contendunt</strong></span> <span class='ocrx_word' id='word_1_176' title='bbox 762 2762 896 2816; x_wconf 90' lang='lat' dir='ltr'><strong>ludo</strong></span> <span class='ocrx_word' id='word_1_177' title='bbox 922 2767 978 2816; x_wconf 90' lang='lat' dir='ltr'><strong>et</strong></span> <span class='ocrx_word' id='word_1_178' title='bbox 1002 2761 1154 2815; x_wconf 85' lang='lat' dir='ltr'><strong>fulva</strong></span> <span class='ocrx_word' id='word_1_179' title='bbox 1182 2759 1466 2813; x_wconf 86' lang='lat' dir='ltr'><strong>luctantur</strong></span> <span class='ocrx_word' id='word_1_180' title='bbox 1489 2759 1697 2815; x_wconf 90' lang='lat' dir='ltr'><strong>harena</strong></span> <span class='ocrx_word' id='word_1_181' title='bbox 1718 2779 1730 2827; x_wconf 89' lang='lat'>;</span> 
     </span>
    </p>

    <p class='ocr_par' dir='ltr' id='par_1_11' title="bbox 377 2849 1911 3355">
     <span class='ocr_line' id='line_1_30' title="bbox 380 2849 1911 2921; baseline 0.001 -18"><span class='ocrx_word' id='word_1_182' title='bbox 380 2850 517 2905; x_wconf 89' lang='lat' dir='ltr'><strong>Pars</strong></span> <span class='ocrx_word' id='word_1_183' title='bbox 540 2852 769 2920; x_wconf 87' lang='lat' dir='ltr'><strong>pedibus</strong></span> <span class='ocrx_word' id='word_1_184' title='bbox 792 2852 1062 2921; x_wconf 90' lang='lat' dir='ltr'><strong>plaudunt</strong></span> <span class='ocrx_word' id='word_1_185' title='bbox 1090 2852 1318 2907; x_wconf 87' lang='lat' dir='ltr'><strong>choreas</strong></span> <span class='ocrx_word' id='word_1_186' title='bbox 1350 2851 1408 2900; x_wconf 87' lang='lat' dir='ltr'><strong>et</strong></span> <span class='ocrx_word' id='word_1_187' title='bbox 1434 2849 1679 2902; x_wconf 88' lang='lat' dir='ltr'><strong>carmina</strong></span> <span class='ocrx_word' id='word_1_188' title='bbox 1703 2849 1911 2905; x_wconf 84' lang='lat' dir='ltr'><strong>dicunt.</strong></span> 
     </span>
     <span class='ocr_line' id='line_1_31' title="bbox 381 2936 1750 3008; baseline -0.002 -17"><span class='ocrx_word' id='word_1_189' title='bbox 381 2936 499 2991; x_wconf 88' lang='lat' dir='ltr'><strong>Nec</strong></span> <span class='ocrx_word' id='word_1_190' title='bbox 522 2955 636 2992; x_wconf 91' lang='lat' dir='ltr'><strong>non</strong></span> <span class='ocrx_word' id='word_1_191' title='bbox 662 2938 944 2992; x_wconf 86' lang='lat' dir='ltr'><strong>Threicius</strong></span> <span class='ocrx_word' id='word_1_192' title='bbox 967 2939 1132 3008; x_wconf 85' lang='lat' dir='ltr'><strong>longa</strong></span> <span class='ocrx_word' id='word_1_193' title='bbox 1157 2955 1280 2993; x_wconf 91' lang='lat' dir='ltr'><strong>cum</strong></span> <span class='ocrx_word' id='word_1_194' title='bbox 1311 2942 1467 2993; x_wconf 83' lang='lat' dir='ltr'><strong>veste</strong></span> <span class='ocrx_word' id='word_1_195' title='bbox 1495 2936 1750 2992; x_wconf 83' lang='lat' dir='ltr'><strong>sacerdos</strong></span> 
     </span>
     <span class='ocr_line' id='line_1_32' title="bbox 381 3025 1807 3094; baseline -0.001 -17"><span class='ocrx_word' id='word_1_196' title='bbox 381 3025 715 3094; x_wconf 89' lang='lat' dir='ltr'><strong>Obloquitur</strong></span> <span class='ocrx_word' id='word_1_197' title='bbox 737 3026 983 3079; x_wconf 87' lang='lat' dir='ltr'><strong>numeris</strong></span> <span class='ocrx_word' id='word_1_198' title='bbox 1007 3032 1216 3094; x_wconf 90' lang='lat' dir='ltr'><strong>septem</strong></span> <span class='ocrx_word' id='word_1_199' title='bbox 1246 3025 1564 3080; x_wconf 86' lang='lat' dir='ltr'><strong>discrimina</strong></span> <span class='ocrx_word' id='word_1_200' title='bbox 1588 3040 1807 3091; x_wconf 84' lang='lat' dir='ltr'><strong>vocum,</strong></span> 
     </span>
     <span class='ocr_line' id='line_1_33' title="bbox 380 3111 1888 3182; baseline 0.001 -18"><span class='ocrx_word' id='word_1_201' title='bbox 380 3111 603 3181; x_wconf 89' lang='lat' dir='ltr'><strong>Iamque</strong></span> <span class='ocrx_word' id='word_1_202' title='bbox 628 3112 821 3166; x_wconf 88' lang='lat' dir='ltr'><strong>eadem</strong></span> <span class='ocrx_word' id='word_1_203' title='bbox 846 3111 1046 3179; x_wconf 87' lang='lat' dir='ltr'><strong>digitis,</strong></span> <span class='ocrx_word' id='word_1_204' title='bbox 1075 3113 1182 3166; x_wconf 87' lang='lat' dir='ltr'><strong>iam</strong></span> <span class='ocrx_word' id='word_1_205' title='bbox 1210 3113 1429 3180; x_wconf 88' lang='lat' dir='ltr'><strong>pectine</strong></span> <span class='ocrx_word' id='word_1_206' title='bbox 1452 3113 1638 3182; x_wconf 89' lang='lat' dir='ltr'><strong>pulsat</strong></span> <span class='ocrx_word' id='word_1_207' title='bbox 1662 3112 1888 3166; x_wconf 86' lang='lat' dir='ltr'><strong>eburno.</strong></span> 
     </span>
     <span class='ocr_line' id='line_1_34' title="bbox 380 3198 1863 3269; baseline 0.003 -18"><span class='ocrx_word' id='word_1_208' title='bbox 380 3198 487 3254; x_wconf 90' lang='lat' dir='ltr'><strong>Hic</strong></span> <span class='ocrx_word' id='word_1_209' title='bbox 513 3217 687 3269; x_wconf 88' lang='lat' dir='ltr'><strong>genus</strong></span> <span class='ocrx_word' id='word_1_210' title='bbox 711 3200 995 3268; x_wconf 85' lang='lat' dir='ltr'><strong>antiquum</strong></span> <span class='ocrx_word' id='word_1_211' title='bbox 1022 3198 1233 3267; x_wconf 86' lang='lat' dir='ltr'><strong>Teucri,</strong></span> <span class='ocrx_word' id='word_1_212' title='bbox 1262 3200 1637 3268; x_wconf 84' lang='lat' dir='ltr'><strong>pulcherrima</strong></span> <span class='ocrx_word' id='word_1_213' title='bbox 1663 3200 1863 3268; x_wconf 71' lang='lat' dir='ltr'><strong>proleS,</strong></span> 
     </span>
     <span class='ocr_line' id='line_1_35' title="bbox 377 3285 1636 3355; baseline -0.001 -15"><span class='ocrx_word' id='word_1_214' title='bbox 377 3285 717 3355; x_wconf 80' lang='lat' dir='ltr'><strong>Magnanimi</strong></span> <span class='ocrx_word' id='word_1_215' title='bbox 741 3286 952 3354; x_wconf 76' lang='lat' dir='ltr'><strong>heroeS,</strong></span> <span class='ocrx_word' id='word_1_216' title='bbox 981 3287 1099 3339; x_wconf 89' lang='lat' dir='ltr'><strong>nati</strong></span> <span class='ocrx_word' id='word_1_217' title='bbox 1119 3286 1437 3340; x_wconf 85' lang='lat' dir='ltr'><strong>melioribus</strong></span> <span class='ocrx_word' id='word_1_218' title='bbox 1463 3288 1636 3354; x_wconf 87' lang='lat' dir='ltr'><strong>annis,</strong></span> 
     </span>
    </p>

    <p class='ocr_par' dir='ltr' id='par_1_12' title="bbox 380 3372 1957 3616">
     <span class='ocr_line' id='line_1_36' title="bbox 380 3372 1957 3443; baseline -0.001 -18"><span class='ocrx_word' id='word_1_219' title='bbox 380 3372 600 3443; x_wconf 88' lang='lat' dir='ltr'><strong>Ilusque</strong></span> <span class='ocrx_word' id='word_1_220' title='bbox 624 3375 1031 3442; x_wconf 87' lang='lat' dir='ltr'><strong>Assaracusque</strong></span> <span class='ocrx_word' id='word_1_221' title='bbox 1058 3377 1113 3426; x_wconf 86' lang='lat' dir='ltr'><strong>et</strong></span> <span class='ocrx_word' id='word_1_222' title='bbox 1138 3372 1330 3426; x_wconf 85' lang='lat' dir='ltr'><strong>Troiae</strong></span> <span class='ocrx_word' id='word_1_223' title='bbox 1357 3372 1650 3427; x_wconf 89' lang='lat' dir='ltr'><strong>Dardanus</strong></span> <span class='ocrx_word' id='word_1_224' title='bbox 1675 3378 1885 3428; x_wconf 87' lang='lat' dir='ltr'><strong>auctor.</strong></span> <span class='ocrx_word' id='word_1_225' title='bbox 1952 3417 1957 3424; x_wconf 93' lang='lat'>.</span> 
     </span>
     <span class='ocr_line' id='line_1_37' title="bbox 380 3460 1782 3530; baseline 0.002 -17"><span class='ocrx_word' id='word_1_226' title='bbox 380 3461 557 3516; x_wconf 89' lang='lat' dir='ltr'><strong>Arma</strong></span> <span class='ocrx_word' id='word_1_227' title='bbox 580 3461 772 3530; x_wconf 89' lang='lat' dir='ltr'><strong>procul</strong></span> <span class='ocrx_word' id='word_1_228' title='bbox 797 3476 1097 3528; x_wconf 88' lang='lat' dir='ltr'><strong>currusque</strong></span> <span class='ocrx_word' id='word_1_229' title='bbox 1123 3460 1301 3514; x_wconf 84' lang='lat' dir='ltr'><strong>virum</strong></span> <span class='ocrx_word' id='word_1_230' title='bbox 1327 3461 1562 3514; x_wconf 89' lang='lat' dir='ltr'><strong>miratur</strong></span> <span class='ocrx_word' id='word_1_231' title='bbox 1583 3461 1782 3517; x_wconf 77' lang='lat' dir='ltr'><strong>inanis·</strong></span> 
     </span>
     <span class='ocr_line' id='line_1_38' title="bbox 381 3545 1712 3616; baseline 0.001 -16"><span class='ocrx_word' id='word_1_232' title='bbox 381 3545 544 3600; x_wconf 84' lang='lat' dir='ltr'><strong>Stant</strong></span> <span class='ocrx_word' id='word_1_233' title='bbox 565 3551 717 3600; x_wconf 85' lang='lat' dir='ltr'><strong>terra</strong></span> <span class='ocrx_word' id='word_1_234' title='bbox 740 3545 951 3601; x_wconf 86' lang='lat' dir='ltr'><strong>defixae</strong></span> <span class='ocrx_word' id='word_1_235' title='bbox 974 3546 1181 3616; x_wconf 86' lang='lat' dir='ltr'><strong>hastae,</strong></span> <span class='ocrx_word' id='word_1_236' title='bbox 1210 3548 1520 3616; x_wconf 87' lang='lat' dir='ltr'><strong>passimque</strong></span> <span class='ocrx_word' id='word_1_237' title='bbox 1546 3547 1712 3601; x_wconf 89' lang='lat' dir='ltr'><strong>soluti</strong></span> 
     </span>
    </p>
   </div>
   <div class='ocr_carea' id='block_1_5' title="bbox 2319 772 2424 823">
    <p class='ocr_par' dir='ltr' id='par_1_13' title="bbox 2319 772 2424 823">
     <span class='ocr_line' id='line_1_39' title="bbox 2319 772 2424 823; baseline 0 0"><span class='ocrx_word' id='word_1_238' title='bbox 2319 772 2424 823; x_wconf 79' lang='lat'><strong>620</strong></span> 
     </span>
    </p>
   </div>
   <div class='ocr_carea' id='block_1_6' title="bbox 2319 1200 2420 1250">
    <p class='ocr_par' dir='ltr' id='par_1_14' title="bbox 2319 1200 2420 1250">
     <span class='ocr_line' id='line_1_40' title="bbox 2319 1200 2420 1250; baseline 0.01 -1"><span class='ocrx_word' id='word_1_239' title='bbox 2319 1200 2420 1250; x_wconf 83' lang='lat'><strong>625</strong></span> 
     </span>
    </p>
   </div>
   <div class='ocr_carea' id='block_1_7' title="bbox 2318 1636 2422 1686">
    <p class='ocr_par' dir='ltr' id='par_1_15' title="bbox 2318 1636 2422 1686">
     <span class='ocr_line' id='line_1_41' title="bbox 2318 1636 2422 1686; baseline -0.01 0"><span class='ocrx_word' id='word_1_240' title='bbox 2318 1636 2422 1686; x_wconf 84' lang='lat'><strong>630</strong></span> 
     </span>
    </p>
   </div>
   <div class='ocr_carea' id='block_1_8' title="bbox 2319 2071 2420 2120">
    <p class='ocr_par' dir='ltr' id='par_1_16' title="bbox 2319 2071 2420 2120">
     <span class='ocr_line' id='line_1_42' title="bbox 2319 2071 2420 2120; baseline 0.01 -1"><span class='ocrx_word' id='word_1_241' title='bbox 2319 2071 2420 2120; x_wconf 85' lang='lat'><strong>635</strong></span> 
     </span>
    </p>
   </div>
   <div class='ocr_carea' id='block_1_9' title="bbox 2319 2507 2422 2556">
    <p class='ocr_par' dir='ltr' id='par_1_17' title="bbox 2319 2507 2422 2556">
     <span class='ocr_line' id='line_1_43' title="bbox 2319 2507 2422 2556; baseline 0 -1"><span class='ocrx_word' id='word_1_242' title='bbox 2319 2507 2422 2556; x_wconf 81' lang='lat'><strong>640</strong></span> 
     </span>
    </p>
   </div>
   <div class='ocr_carea' id='block_1_10' title="bbox 2320 2942 2421 2992">
    <p class='ocr_par' dir='ltr' id='par_1_18' title="bbox 2320 2942 2421 2992">
     <span class='ocr_line' id='line_1_44' title="bbox 2320 2942 2421 2992; baseline -0.01 0"><span class='ocrx_word' id='word_1_243' title='bbox 2320 2942 2421 2992; x_wconf 81' lang='lat'><strong>645</strong></span> 
     </span>
    </p>
   </div>
   <div class='ocr_carea' id='block_1_11' title="bbox 2321 3377 2423 3427">
    <p class='ocr_par' dir='ltr' id='par_1_19' title="bbox 2321 3377 2423 3427">
     <span class='ocr_line' id='line_1_45' title="bbox 2321 3377 2423 3427; baseline 0 0"><span class='ocrx_word' id='word_1_244' title='bbox 2321 3377 2423 3427; x_wconf 81' lang='lat'><strong>650</strong></span> 
     </span>
    </p>
   </div>
  </div>
 </body>
</html>
