2725 3917
998 250 1275 301 VERGILI
1321 252 1651 303 AENEIDOS
1693 253 1783 304 VI.

377 407 622 462 Demens
654 412 710 462 et
746 412 911 462 cantu
937 416 1100 463 vocat
1123 411 1181 464 in
1206 412 1509 467 certamina
1533 413 1706 481 divos,

379 494 648 547 Aemulus
672 500 962 564 exceptum
987 496 1197 565 Triton,
1227 499 1273 551 si
1298 499 1525 552 credere
1549 500 1777 567 dignum
1801 506 1900 567 est,

377 578 532 633 Inter
558 596 688 633 saxa
714 581 891 633 virum
918 598 1175 650 spumosa
1199 584 1546 637 immerserat
1571 585 1734 639 unda.

376 666 526 735 Ergo
552 683 742 720 omnes
765 685 968 737 magno
992 670 1195 723 circum
1224 670 1467 725 clamore
1490 672 1822 737 fremebant,

377 754 679 822 Praecipue
704 755 827 823 pius
851 755 1089 810 Aeneas.
1163 756 1303 810 Tum
1326 757 1476 811 iussa
1500 758 1757 827 Sibyllae,

378 840 539 894 Haud
565 858 737 909 mora,
766 842 1032 896 festinant
1056 842 1267 908 fientes,
1296 861 1560 912 aramque
1590 845 1829 913 sepulcri

378 927 692 996 Congerere
716 928 1006 982 arboribus
1031 930 1295 999 caeloque
1322 930 1562 984 educere
1589 938 1821 987 certant.

377 1012 498 1065 Itur
522 1013 581 1065 in
605 1013 890 1082 antiquam
914 1014 1126 1084 silvam,
1156 1016 1373 1071 stabula
1400 1017 1514 1071 alta
1539 1017 1797 1087 ferarum,

377 1100 758 1153 Procumbunt
782 1101 984 1169 piceae,
1014 1106 1174 1155 sonat
1198 1103 1310 1156 icta
1336 1104 1620 1157 securibus
1642 1105 1768 1173 ilex,

376 1186 786 1254 Fraxineaeque
810 1187 996 1241 trabes
1022 1189 1210 1242 cuneis
1234 1193 1291 1242 et
1316 1189 1486 1244 fissile
1511 1191 1680 1245 robur

378 1273 672 1340 Scinditur,
700 1272 1006 1327 advolvunt
1030 1275 1271 1342 ingentis
1296 1277 1581 1331 montibus
1604 1295 1785 1333 ornos,

377 1358 496 1413 Nec
520 1375 633 1412 non
659 1358 878 1413 Aeneas
898 1376 1067 1428 opera
1091 1361 1240 1415 inter
1267 1363 1402 1417 talia
1429 1366 1639 1431 primus

377 1445 648 1500 Hortatur
673 1445 865 1514 socios,
895 1447 1225 1516 paribusque
1255 1449 1564 1517 accingitur
1593 1452 1775 1506 armis·

349 1532 564 1600 .Atque
588 1531 726 1586 haec
750 1532 869 1600 ipse
893 1550 993 1586 suo
1020 1534 1165 1587 tristi
1190 1552 1314 1589 cum
1348 1537 1517 1591 corde
1543 1538 1772 1607 volutat,

377 1619 685 1687 Aspectans
710 1618 905 1673 silvam
928 1620 1268 1691 immensam,
1298 1627 1355 1675 et
1381 1624 1459 1677 sic
1483 1640 1618 1677 voce
1641 1629 1925 1693 precatur:

380 1709 413 1735 “
430 1705 487 1759 Si
513 1722 660 1761 nunc
685 1722 742 1760 se
767 1708 926 1761 nobis
950 1707 1042 1762 ille
1066 1725 1264 1763 aureus
1289 1711 1491 1765 arbore
1525 1727 1711 1764 ramus

376 1794 648 1851 Ostendat
671 1814 899 1851 nemore
923 1796 983 1851 in
1007 1799 1190 1852 tanto!
1235 1798 1456 1874 quando
1482 1798 1666 1852 omnia
1689 1815 1820 1852 vere

377 1882 500 1936 Heu
525 1884 758 1938 nimium
784 1884 853 1939 de
877 1888 934 1938 te
960 1889 1129 1953 vates,
1156 1884 1382 1954 Misene,
1410 1885 1593 1939 locuta
1616 1884 1756 1938 est.'’

375 1969 490 2023 Vix
515 1988 579 2027 ea
604 1972 747 2026 fatus
773 1976 906 2040 erat,
939 1974 1189 2040 geminae
1215 1989 1340 2026 cum
1362 1972 1515 2025 forte
1537 1971 1819 2026 columbae

375 2055 502 2125 Ipsa
525 2047 626 2112 sub
653 2076 751 2113 ora
775 2059 880 2112 viri
906 2058 1058 2112 caelo
1084 2074 1282 2111 venere
1307 2057 1574 2126 volanteS,

373 2143 447 2197 Et
472 2144 634 2199 viridi
662 2147 850 2201 sedere
875 2147 1010 2200 solo,
1089 2145 1228 2198 Tum
1252 2143 1527 2197 maximus
1550 2145 1716 2200 heros

375 2230 654 2287 Maternas
678 2235 927 2302 agnoscit
955 2248 1098 2299 aves,
1129 2230 1414 2299 laetusque
1441 2237 1726 2300 precatur:

378 2317 561 2373 “Este
585 2318 764 2389 duces,
793 2337 842 2385 o,
873 2320 919 2374 si
945 2336 1054 2389 qua
1076 2318 1167 2372 via
1194 2322 1292 2386 est,
1322 2335 1651 2387 cursumque
1676 2336 1776 2387 per
1800 2337 1959 2374 auras

373 2402 621 2474 Derigite
643 2407 703 2460 in
726 2407 893 2476 lucos,
925 2407 1019 2461 ubi
1046 2406 1306 2475 pinguem
1332 2405 1489 2459 dives
1514 2411 1712 2474 opacat

373 2490 578 2547 Remus
602 2493 847 2548 humum.
924 2493 1129 2562 Tuque,
1161 2509 1210 2561 0,
1239 2491 1419 2545 dubiis
1443 2508 1513 2545 ne
1539 2492 1709 2546 defice
1734 2494 1910 2563 rebus,

371 2577 519 2634 Diva
542 2581 794 2649 parenS.”
871 2580 962 2635 Sic
988 2581 1185 2634 effatus
1211 2578 1444 2647 vestigia
1468 2579 1680 2648 pressit,

374 2665 704 2737 Observans,
734 2685 872 2738 quae
898 2670 1054 2739 signa
1078 2670 1274 2737 ferant,
1308 2684 1417 2736 quo
1443 2667 1672 2722 tendere
1696 2673 1943 2737 pergant.

371 2751 668 2809 Pascentes
690 2755 819 2810 illae
843 2760 1062 2811 tantum
1088 2755 1313 2825 prodire
1338 2754 1596 2822 vola-ndo,

373 2840 652 2905 Quantum
680 2843 798 2898 acie
823 2848 1050 2912 possent
1075 2842 1219 2897 oculi
1243 2858 1462 2896 servare
1490 2845 1833 2920 sequentum.

371 2925 508 2982 Inde
535 2929 628 2983 ubi
652 2946 856 2985 venere
880 2929 948 2984 ad
974 2929 1550 2997 fauces-graveolentis
1574 2928 1805 2996 Averni,

371 3014 596 3069 Tollunt
621 3033 679 3071 se
704 3017 925 3085 celeres,
954 3015 1331 3084 liquidumque
1355 3032 1457 3084 per
1485 3023 1615 3071 aera
1638 3015 1823 3084 lapsae

372 3102 605 3158 Sedibus
632 3104 835 3172 optatis
860 3103 1080 3172 gemina
1105 3119 1268 3171 super
1292 3102 1491 3157 arbore
1516 3101 1719 3171 sidunt,

370 3190 623 3245 Discolor
649 3191 795 3245 unde
820 3190 937 3245 auri
964 3206 1063 3259 per
1087 3206 1270 3243 ramos
1295 3205 1430 3243 aura
1454 3188 1685 3243 refulsit.

372 3277 545 3344 Quale
570 3279 712 3333 solet
737 3278 890 3332 silvis
912 3275 1146 3331 brumali
1164 3276 1377 3345 frigore
1402 3276 1617 3330 viscum

370 3364 588 3420 Fronde
615 3366 794 3420 virere
819 3380 979 3428 nova,
1008 3362 1156 3431 quod
1178 3378 1292 3416 non
1316 3379 1416 3416 sua
1438 3362 1676 3417 seminat
1699 3363 1878 3433 arboe,

369 3451 444 3506 Et
470 3469 665 3507 croceo
689 3452 806 3506 fetu
829 3449 1022 3505 teretis
1046 3448 1388 3504 circumdare
1413 3454 1671 3504 truncos:
1718 3509 1729 3524 ι

371 3536 515 3593 Talis
538 3542 659 3595 erat
683 3538 893 3608 species
917 3536 1036 3592 auri
1061 3535 1373 3591 frondentis
1400 3552 1572 3605 opaca

2312 675 2411 734 175

2223 1088 2231 1095 '
2310 1109 2411 1159 180

2307 1542 2407 1592 185

2303 1975 2406 2027 190

2305 2411 2404 2461 195

2301 2847 2405 2897 200

2216 3345 2227 3355 .
2298 3279 2406 3332 205
