2725 3917
1025 265 1302 316 VERGILI
1346 266 1674 339 AENmnos
1717 268 1758 318 1.

371 426 491 480 Hae
515 425 777 495 Phryges,
807 427 1040 481 instaret
1064 444 1229 480 curru
1254 428 1511 481 cristatus
1540 428 1801 482 Achilles.

370 510 489 565 Nec
512 514 704 581 procul
727 513 859 566 hinc
884 513 1054 566 Rhesi
1076 514 1252 567 niveis
1277 515 1521 568 tentoria
1543 514 1682 568 velis

372 598 645 665 Agnoscit
667 599 976 669 lacrimans,
999 602 1181 669 primo
1206 617 1343 668 quae
1368 600 1589 668 prodita
1612 617 1807 655 somno
2297 606 2403 664 470

370 684 610 752 Tydides
634 686 808 740 multa
830 688 1084 741 vastabat
1108 687 1276 741 caede
1301 692 1575 755 cruentuS,

370 770 742 839 Ardentisque
767 774 968 826 avertit
993 788 1161 841 equos
1184 774 1243 825 in
1269 778 1462 842 castra,
1490 774 1644 842 prius
1670 791 1831 842 quam

369 857 581 911 Pabula
603 864 911 926 gustassent
935 859 1130 913 Troiae
1154 859 1549 928 Xanthumque
1572 860 1853 914 bibissent.

368 944 534 999 Parte
559 946 667 1001 alia
688 947 908 1015 fugiens
933 947 1141 1001 amissis
1165 946 1380 1000 Troilus
1405 947 1586 1014 armis,

368 1030 571 1085 Infelix
595 1050 732 1103 puer
758 1037 922 1102 atque
947 1034 1126 1101 impar
1152 1021 1480 1101 congressus
1503 1033 1722 1102 Achilli,
2293 1036 2396 1094 475

367 1118 565 1173 Fertur
589 1121 758 1190 equis,
787 1137 1059 1189 curruque
1084 1120 1275 1174 haeret
1300 1121 1585 1188 resupinus
1609 1120 1774 1189 inani,

366 1205 511 1259 Lora
533 1211 729 1260 tenens
753 1213 971 1275 tamen3
1011 1207 1140 1260 huic
1167 1208 1460 1275 cervixque
1485 1224 1780 1278 comaeque
1805 1209 2100 1264 trahuntur

366 1291 475 1345 Per
500 1297 722 1362 terram,
751 1299 808 1347 et
832 1310 991 1347 versa
1014 1293 1196 1362 pulvis
1219 1294 1539 1362 inscribitur
1563 1294 1737 1349 hasta.

367 1378 589 1433 Interea
611 1379 681 1433 ad
704 1380 967 1449 templum
993 1396 1110 1434 non
1135 1397 1339 1449 aequae
1363 1380 1605 1434 Palladis
1627 1381 1784 1435 ibant

369 1465 627 1520 Crinibus
650 1466 851 1520 Iliades
873 1468 1046 1536 passis
1070 1466 1404 1535 peplumque
1429 1467 1696 1536 ferebant,
2289 1472 2394 1523 480

368 1551 699 1621 Suppliciter
723 1554 909 1607 tristes
934 1557 991 1607 et
1015 1559 1212 1606 tunsae
1238 1558 1462 1621 pectora
1490 1554 1719 1622 palmis3

367 1639 513 1693 Diva
536 1639 653 1694 solo
677 1639 818 1695 fixos
844 1641 1031 1695 ocfflos
1055 1656 1247 1694 aversa
1272 1641 1513 1694 tenebat.
1565 1671 1580 1713 χ

367 1726 474 1779 Ter
500 1727 705 1780 circum
731 1727 931 1781 Iliacos
955 1732 1273 1796 raptaverat
1299 1727 1545 1781 Hectora
1568 1744 1773 1798 muros,

366 1813 802 1883 Exanimumque
828 1831 962 1868 auro
989 1831 1187 1884 corpus
1211 1814 1490 1868 vendebat
1513 1814 1779 1869 Achilles,
1827 1859 1834 1870 .

368 1900 505 1954 Tum
531 1918 663 1955 vero
687 1902 968 1971 ingentem
994 1902 1259 1970 gemitum
1285 1901 1381 1955 dat
1405 1908 1630 1970 pectore
1655 1902 1723 1955 ab
1747 1902 1877 1971 im0,
2292 1905 2394 1957 485

368 1987 443 2042 Ut
468 1989 657 2057 spolia,
681 1995 745 2044 ut
769 2007 976 2059 currus,
1006 1996 1174 2059 utque
1199 1991 1378 2059 ipsum
1406 2008 1604 2059 corpus
1630 1991 1806 2059 amici,

367 2073 814 2145 Tendentemque
839 2093 1033 2130 manus
1057 2076 1338 2129 Priamum
1364 2077 1651 2146 conspexit
1674 2078 1916 2131 inermis.

368 2161 438 2215 Se
465 2179 680 2231 quoque
703 2163 1045 2232 principibus
1068 2163 1407 2232 permixtum
1434 2165 1656 2232 agnovit
1681 2163 1926 2235 Achivis,

365 2249 617 2317 ansque
643 2249 788 2303 acies
813 2254 870 2303 et
893 2249 1037 2318 nigri
1063 2249 1374 2303 Memnonis
1398 2267 1564 2304 arma.

365 2334 536 2389 Ducit
560 2335 963 2389 Amazonidum
987 2336 1191 2390 lunatis
1216 2337 1432 2406 agmina
1455 2338 1620 2406 peltis
2290 2340 2396 2391 490

365 2420 713 2475 Penthesilea
737 2409 937 2491 furens,
966 2423 1270 2492 mediisque
1295 2424 1349 2476 in
1379 2424 1598 2478 milibus
1623 2423 1796 2494 ardet,

366 2508 556 2563 Aurea
580 2509 908 2563 subnectens
934 2515 1181 2563 exsertae
1208 2510 1428 2579 cingula
1452 2527 1735 2577 mammae,

365 2593 647 2662 Bellatrix,
677 2596 950 2664 audetque
975 2587 1109 2649 viris
1133 2613 1458 2651 concurrere
1485 2599 1656 2667 virgo,

436 2681 587 2735 Haec
612 2680 743 2734 dum
772 2681 1050 2736 Dardanio
1076 2682 1300 2737 Aeneae
1326 2683 1581 2738 miranda
1605 2684 1878 2752 videntur,

365 2767 514 2821 Dum
540 2772 737 2836 stupet,
768 2768 1072 2839 obtutuque
1098 2768 1290 2824 haeret
1315 2770 1529 2823 defixus
1552 2770 1609 2823 in
1635 2787 1763 2838 un0‚
2291 2771 2393 2824 495

366 2854 581 2923 Regina
606 2854 674 2907 ad
700 2856 980 2925 templum,
1009 2856 1192 2911 forma
1217 2857 1586 2925 pulcherrima
1612 2856 1776 2925 Dido,

365 2941 612 3009 Incessit,
640 2958 841 3010 magna
862 2943 1124 2997 iuvenum
1154 2945 1393 3012 stipante
1419 2949 1654 2998 caterva.
1777 2939 1782 2944 ’

367 3027 556 3093 Qualis
574 3029 635 3081 in
658 3028 899 3083 Eurotae
925 3030 1060 3099 ripis
1085 3036 1180 3084 aut
1206 3048 1304 3099 per
1329 3035 1458 3099 iuga
1488 3030 1695 3098 Cynthi

365 3114 599 3170 Exercet
622 3115 804 3169 Diana
826 3115 1040 3185 chorOS,
1073 3134 1234 3185 quam
1261 3118 1412 3171 mille
1439 3122 1656 3171 secutae

365 3202 508 3256 Hinc
533 3209 697 3271 atque
720 3204 850 3256 hinc
876 3203 1250 3270 glomerantur
1275 3204 1547 3271 Oreades3
1588 3204 1682 3256 illa
1704 3202 2019 3271 pharetram
2293 3204 2396 3256 500

364 3287 495 3341 Fert
520 3305 727 3357 umere,
757 3287 1115 3358 gradiensque
1140 3288 1269 3341 deas
1293 3290 1667 3357 supereminet
1693 3288 1943 3342 omnis-

364 3372 608 3428 Latonae
632 3374 862 3428 tacitum
885 3378 1261 3442 pertemptant
1286 3375 1483 3442 gaudia
1506 3379 1771 3443 pectus—

367 3457 511 3514 Talis
536 3466 655 3513 erat
679 3459 841 3528 Dido,
863 3460 1031 3514 talem
1057 3476 1115 3513 se
1139 3460 1283 3514 laeta
1306 3461 1520 3515 ferebat

366 3543 473 3597 Per
498 3546 722 3615 medios,
751 3546 963 3599 instans
989 3547 1140 3614 operi
1165 3547 1456 3616 regnisque
1480 3547 1699 3600 futuris.
