2725 3917
958 261 1234 312 VERGILI
1279 261 1414 310 AEN
1418 260 1609 310 Emos
1653 260 1741 311 vl.

338 427 578 494 Tartara,
606 430 665 479 et
688 423 882 478 insano
906 423 1062 476 iuvat
1084 422 1371 490 indulgere
1393 422 1585 488 labori,
2264 424 2364 475 135

335 514 560 582 Accipe,
588 528 728 581 quae
752 510 1061 580 peragenda
1082 496 1253 579 prius.
1329 509 1491 562 Latet
1517 510 1714 562 arbore
1739 524 1912 578 opaca

279 593 286 600 ⁰
334 601 554 654 Aureus
578 604 635 654 et
658 598 805 652 foliis
830 603 887 652 et
910 597 1065 652 lento
1091 597 1296 650 vimine
1327 612 1529 663 tamne,

334 688 531 741 Iunoni
555 687 810 740 infernae
834 673 1014 739 dictus
1038 700 1222 752 sacer3
1262 683 1412 736 hunc
1437 683 1576 750 tegit
1602 683 1782 736 omnis

334 776 511 828 Lucus
535 777 593 827 ct
617 773 865 827 obscuris
890 771 1151 826 claudunt
1177 770 1520 825 convallibus
1544 771 1787 825 umbrae.

337 862 442 917 Sed
467 877 582 914 non
608 866 738 914 ante
763 859 927 913 datur
950 857 1162 912 telluris
1186 862 1381 926 operta
1406 857 1606 923 subire,
2265 859 2366 910 140

335 948 667 1001 Auricomos
691 963 853 1016 quam
881 946 975 1015 qui
1001 944 1339 1013 decerpserit
1367 944 1565 997 arbore
1589 944 1747 998 fetus.

334 1036 457 1088 Hoc
481 1035 584 1094 sibi
602 1033 835 1103 pulchra
858 1049 1018 1086 suum
1043 1032 1176 1085 ferri
1202 1031 1538 1099 Proserpina
1562 1047 1762 1084 munus

335 1121 595 1175 Instituit.
671 1120 863 1175 Primo
888 1120 1078 1173 avulso
1103 1135 1217 1172 non
1243 1117 1430 1172 deficit
1455 1118 1595 1171 alter

336 1208 570 1276 Aureus,
600 1212 657 1261 et
681 1207 847 1260 simili
872 1205 1177 1260 frondescit
1204 1206 1361 1274 virga
1385 1206 1624 1259 metalla

335 1295 484 1363 Ergo
508 1294 619 1348 alte
645 1294 856 1362 vestiga
881 1292 1068 1360 oculis,
1098 1297 1155 1346 et
1181 1292 1286 1345 rite
1310 1297 1592 1360 repertum
2262 1293 2364 1344 145

338 1384 515 1450 Carpe
537 1398 730 1436 manu:
773 1397 1012 1449 namque
1036 1380 1154 1448 ipse
1179 1379 1370 1433 volens
1394 1378 1675 1448 facilisque
1699 1384 1973 1450 sequetur,

337 1469 396 1524 Si
419 1476 474 1523 te
497 1470 619 1523 fata
640 1473 874 1534 vocant3
916 1467 1076 1521 aliter
1097 1483 1210 1520 non
1235 1465 1445 1519 viribus
1469 1466 1594 1519 ullis

336 1557 593 1625 Vincere,
621 1572 725 1609 nec
751 1554 891 1608 duro
916 1555 1125 1624 poteris
1149 1553 1461 1608 convellere
1485 1555 1648 1608 ferro,

335 1644 627 1699 Praeterea
649 1646 794 1700 iacet
819 1646 1131 1700 exanimum
1156 1647 1259 1700 tibi
1280 1664 1481 1716 corpus
1502 1651 1735 1702 amici—

336 1732 457 1785 Heu
483 1733 660 1786 nescis
676 1735 1051 1802 l—totamque
1075 1733 1308 1787 incestat
1334 1735 1530 1788 funere
1555 1736 1798 1804 classem,
2266 1737 2368 1788 150

333 1819 481 1872 Dum
507 1820 758 1873 consulta
780 1820 926 1889 petis
949 1825 1248 1888 nostroque
1270 1821 1330 1873 in
1360 1820 1553 1874 limine
1578 1822 1800 1889 pendes,

335 1904 568 1957 Sedibus
591 1903 740 1958 hunc
766 1904 917 1958 refer
941 1910 1070 1957 ante
1096 1906 1208 1957 suis
1234 1910 1290 1957 et
1314 1906 1491 1959 conde
1517 1905 1787 1975 sepulcre.

333 1994 455 2050 Duc
479 1999 665 2067 nigras
693 1998 962 2069 pecude83
1004 2014 1069 2051 ea
1092 1997 1273 2066 prima
1295 1997 1514 2065 piacula
1538 2001 1716 2050 eunte.

333 2084 423 2141 Sic
450 2087 671 2141 demum
696 2088 850 2141 lucos
878 2087 1061 2156 Stygis
1086 2094 1143 2142 et
1165 2104 1338 2156 regna
1361 2088 1514 2141 invia
1536 2086 1678 2139 vivis

332 2175 639 2244 Aspicies.”
710 2177 885 2246 Dixit,
915 2193 1212 2247 pressoque
1239 2175 1518 2230 obmutuit
1543 2190 1655 2227 ore.
2266 2171 2366 2223 155

401 2262 621 2317 Aeneas
645 2272 856 2319 maesto
883 2263 1095 2318 defixus
1117 2262 1331 2316 lumina
1355 2261 1510 2314 voltu

251 2341 260 2348 ⁰
331 2348 664 2419 Ingreditur,
693 2349 949 2420 linquens
975 2355 1212 2417 antrum,
1242 2364 1539 2416 caecosque
1563 2345 1780 2400 volutat

330 2435 578 2491 Eventus
605 2437 793 2492 animo
818 2453 1018 2490 secum.
1094 2436 1199 2489 Cui
1222 2436 1367 2489 fidus
1392 2435 1636 2488 Achates

331 2522 384 2576 It
408 2541 606 2592 comeS,
637 2529 694 2578 et
717 2523 944 2592 paribus
971 2522 1116 2576 curis
1140 2522 1375 2590 vestigia
1396 2521 1531 2588 figit.

329 2608 506 2665 Multa
528 2610 677 2664 inter
703 2626 821 2664 sese
847 2609 1003 2662 vario
1027 2625 1278 2662 sermone
1304 2608 1576 2675 serebant,
1910 2669 1916 2675 Ι
2265 2604 2366 2654 160

332 2696 508 2761 Quem
534 2697 746 2751 socium
772 2695 1080 2750 exanimem
1108 2700 1279 2762 vates,
1310 2693 1458 2762 quod
1483 2678 1682 2761 corpus
1706 2690 2050 2746 humandum

327 2781 570 2839 steret.
636 2784 827 2853 Atque
850 2782 934 2836 illi
959 2780 1230 2836 Misenum
1256 2781 1317 2834 in
1339 2781 1505 2834 litore
1532 2781 1692 2849 siccO,

330 2870 407 2924 Ut
430 2889 649 2940 venere,
676 2872 868 2925 vident
892 2871 1121 2939 indigna
1145 2874 1324 2923 morte
1349 2873 1716 2938 peremptum,

330 2956 601 3013 Misenum
627 2958 920 3027 Aeoliden,
951 2977 1058 3028 quo
1083 2975 1198 3011 non
1224 2956 1594 3027 praestantior
1620 2954 1759 3009 alter

331 3043 476 3099 Aere
502 3046 650 3100 ciere
674 3045 843 3114 vitoe,
872 3045 1218 3115 Martemque
1244 3044 1542 3098 accendere
1567 3047 1750 3096 cantu.
1792 3045 1800 3054 '
2265 3038 2367 3090 165

331 3129 585 3186 Hectoris
607 3132 702 3187 hic
729 3132 915 3201 magni
939 3133 1120 3185 fuerat
1146 3147 1347 3199 comeS,
1377 3130 1621 3183 Hectora
1646 3131 1851 3183 circum

330 3215 404 3270 Et
425 3218 565 3272 lituo
589 3235 811 3288 pugnas
834 3217 1064 3285 insignis
1090 3217 1278 3271 obibat
1304 3222 1359 3270 et
1383 3216 1556 3270 hasta.

328 3300 625 3374 Postquam
653 3305 810 3358 illum
835 3304 953 3357 vita
977 3304 1157 3356 victor
1190 3303 1446 3371 spoliavit
1470 3301 1732 3370 Achilles,

327 3387 609 3447 Dardanio
636 3392 864 3445 Aeneae
890 3406 1007 3443 sese
1032 3390 1365 3443 fortissimus
1388 3390 1554 3443 heros
2263 3410 2283 3438 ο

327 3468 640 3533 Addiderat
663 3476 891 3544 socium,
921 3492 1032 3529 non
1056 3475 1326 3530 inferiora
1352 3481 1590 3530 secutus,
2264 3466 2369 3527 1¹70

325 3557 438 3622 Μ
453 3568 593 3634 tum,
622 3564 772 3618 forte
799 3577 936 3616 cava
959 3561 1090 3615 dum
1115 3567 1377 3632 personat
1402 3579 1642 3631 aequora
1666 3560 1894 3626 concha,
