2725 3917
1041 233 1315 284 VERGILI
1361 232 1692 282 AENEIDOS
1734 233 1826 284 VI.

415 393 517 447 Dis
542 410 868 462 quamquam
894 395 1066 462 geniti
1092 400 1255 463 atque
1279 395 1475 448 invicti
1506 395 1715 448 viribus
1737 399 1935 448 essent.

416 478 737 532 Tartareum
763 478 858 538 ille
882 495 1050 531 manu
1077 479 1361 533 custodem
1386 480 1447 532 in
1473 478 1655 533 vincla
1677 479 1896 548 petivit,

417 565 595 632 Ipsius
620 581 653 618 a
677 565 816 618 solio
837 565 995 633 regis,
1026 565 1304 634 traxitque
1329 570 1659 620 trementem
1681 584 1696 633 3

416 651 490 704 Hi
516 651 797 704 dominam
822 651 969 704 Ditis
997 650 1242 705 thalamo
1267 651 1541 705 deducere
1566 651 1807 705 adorti.”
1838 673 1861 748 f

418 738 570 802 Quae
596 744 788 791 contra
811 738 1055 792 breviter
1079 739 1202 793 fata
1224 743 1311 792 est
1332 737 1674 806 Amphrysia
1699 744 1883 793 vates:

420 825 453 853 ‘⁴
472 823 672 878 Nullae
695 825 787 878 hic
810 826 1042 881 insidiae
1067 824 1479 880 tales—absiste
1504 825 1793 877 moveri——

414 910 534 965 Nec
560 913 674 965 vim
697 912 811 966 tela
832 912 1051 983 ferunt3
1095 913 1226 967 licet
1248 913 1443 981 ingens
1468 911 1676 966 ianitor
1702 919 1862 967 antro

414 999 722 1053 Aeternum
748 999 957 1054 latrans
982 1000 1274 1068 exsanguis
1299 1005 1508 1054 terreat
1532 1001 1778 1069 umbraS,

415 1086 582 1140 Casta
603 1086 735 1140 licet
759 1087 942 1154 patrui
968 1097 1150 1140 servet
1174 1087 1510 1155 Proserpina
1533 1088 1718 1142 limen.

413 1173 610 1227 Tro'1‘us
634 1172 869 1241 Aeneas,
897 1174 1105 1242 pietate
1128 1173 1359 1240 insignis
1385 1179 1442 1227 et
1470 1175 1654 1243 armis,

412 1260 506 1313 Ad
531 1259 837 1328 genitorem
865 1260 1003 1313 imas
1025 1259 1195 1313 Erebi
1221 1260 1506 1314 descendit
1530 1261 1601 1315 ad
1624 1261 1864 1315 umbras,

414 1346 471 1400 Si
495 1352 552 1399 te
575 1346 726 1400 nulla
748 1351 939 1399 movet
964 1350 1153 1399 tantae
1179 1346 1400 1414 pietatis
1424 1348 1621 1416 imag0,

411 1432 493 1487 At
517 1449 733 1487 ramum
756 1432 908 1486 hunc
926 1432 1210 1501 ”——aperit
1237 1450 1468 1502 ramum,
1498 1436 1590 1503 qui
1614 1440 1769 1488 veste
1793 1434 2078 1489 latebat—-

416 1522 450 1549 “
470 1519 814 1588 AgnoscaS.”
890 1518 1123 1573 Tumida
1148 1536 1216 1572 ex
1240 1520 1325 1573 ira
1349 1526 1466 1573 tum
1494 1521 1663 1574 corda
1686 1521 1954 1576 residunt.

411 1606 530 1661 Nec
555 1606 718 1675 plura
742 1605 845 1660 his.
919 1605 1020 1659 Ille
1046 1605 1322 1660 admirans
1346 1607 1660 1661 venerabile
1686 1607 1896 1661 donum

412 1694 617 1747 Fatalis
643 1693 842 1761 virgae,
872 1692 1039 1760 longo
1065 1696 1192 1760 post
1217 1696 1469 1759 tempore
1495 1694 1692 1762 visum,

413 1781 735 1836 Caeruleam
760 1780 1001 1836 advertit
1024 1778 1269 1847 puppim,
1299 1779 1567 1848 ripaeque
1591 1783 1946 1851 propinquat.

409 1869 547 1923 Inde
571 1868 705 1923 alias
730 1868 954 1934 animae,
987 1883 1125 1935 quae
1151 1882 1252 1935 per
1278 1866 1410 1933 iuga
1432 1866 1603 1935 longa
1628 1870 1915 1937 sedebant,

408 1956 699 2024 Deturbat,
727 1954 982 2023 laxatque
1010 1954 1195 2022 foros;
1239 1954 1407 2008 simul
1435 1956 1634 2023 accipit
1657 1955 1814 2010 alveo

407 2043 696 2109 Ingentem
722 2042 968 2095 Aenean.
1045 2042 1273 2096 Gemuit
1299 2043 1403 2096 sub
1427 2043 1670 2112 pondere
1695 2044 1894 2109 cymba

409 2127 615 2198 Sutilis,
646 2135 701 2183 et
724 2129 953 2182 multam
980 2130 1195 2198 accepit
1220 2130 1429 2184 rimosa
1452 2130 1726 2199 paludem.
1790 2163 1803 2168 -

407 2214 651 2269 Tandem
677 2221 831 2269 trans
855 2217 1084 2270 fluvium
1109 2217 1406 2272 incolumis
1432 2223 1720 2286 vatemque
1749 2217 2032 2285 virumque
2057 2228 2064 2238 '

406 2301 639 2355 Informi
663 2303 798 2356 limo
820 2303 1123 2373 glaucaque
1148 2306 1382 2374 exponit
1408 2305 1466 2358 in
1489 2304 1634 2358 ulva.

479 2388 750 2443 Cerberus
772 2390 910 2445 haec
934 2391 1131 2459 ingens
1155 2392 1365 2446 latratu
1391 2407 1565 2460 regna
1588 2391 1813 2444 trifauci

404 2475 691 2546 Personat,
720 2476 951 2530 adverso
977 2480 1246 2532 recubans
1272 2478 1528 2532 immanis
1552 2478 1611 2530 in
1637 2482 1816 2531 antro,

406 2563 511 2617 Cui
536 2568 706 2631 vates,
735 2562 962 2616 horrere
984 2564 1176 2618 videns
1201 2566 1310 2618 iam
1344 2564 1488 2618 colla
1511 2564 1769 2632 colubris,

402 2648 567 2703 Melle
587 2655 903 2718 soporatam
930 2654 987 2704 et
1007 2651 1294 2705 medicatis
1322 2651 1575 2718 frugibus
1600 2651 1774 2705 offam

405 2736 607 2790 Obicit.
683 2736 787 2791 Ille
808 2737 958 2791 fame
984 2738 1176 2792 rabida
1200 2739 1309 2792 tria
1339 2742 1567 2806 guttura
1590 2739 1845 2807 pandens

405 2821 650 2891 Corripit
676 2824 964 2894 obiectam,
995 2830 1158 2894 atque
1183 2825 1447 2879 immania
1471 2831 1627 2894 terga
1651 2826 1878 2880 resolvit

402 2909 579 2962 Fusus
601 2909 771 2978 humi,
800 2915 1031 2979 totoque
1054 2912 1250 2979 ingens
1275 2912 1597 2965 extenditur
1623 2917 1801 2967 antro.

404 2995 656 3064 Occupat
681 2996 900 3050 Aeneas
924 2997 1134 3051 aditum
1162 2997 1388 3051 custode
1413 2998 1642 3067 sepultO,

401 3082 710 3151 Evaditque
734 3082 879 3136 celer
902 3083 1079 3152 ripam
1104 3083 1475 3136 inremeabilis
1499 3083 1696 3138 undae.

473 3169 752 3224 Continuo
777 3169 995 3223 auditae
1020 3185 1184 3222 voces
1209 3169 1428 3235 vagitus
1455 3173 1512 3222 et
1538 3169 1735 3237 ingens

400 3256 793 3325 Infantumque
818 3255 1033 3308 animae
1057 3254 1254 3307 flentes
1277 3254 1336 3306 in
1361 3254 1555 3309 limine
1577 3256 1776 3325 primo,

402 3344 554 3409 Quos
578 3342 752 3397 dulcis
775 3342 922 3395 vitae
947 3341 1182 3395 exsortis
1209 3350 1266 3394 et
1292 3341 1361 3394 ab
1389 3343 1558 3395 ubere
1586 3348 1780 3412 raptos

399 3430 651 3484 Abstulit
676 3435 797 3485 atra
820 3429 936 3483 dies
961 3433 1017 3482 et
1039 3428 1237 3482 funere
1264 3428 1458 3482 mersit
1485 3429 1703 3483 acerbo.

401 3515 520 3569 Hos
539 3515 697 3570 iuxta
719 3515 862 3570 falso
887 3514 1130 3569 damnati
1156 3514 1386 3568 crimine
1411 3514 1624 3569 mortis.

2343 484 2450 537 895

2335 919 2445 969 400

2335 1352 2444 1404 405

2333 1787 2443 1838 410

2335 2219 2442 2271 415

2334 2655 2441 2706 420

2330 3088 2438 3139 425

2328 3521 2441 3574 430
