2725 3917
934 259 1212 311 VERGILI
1257 261 1587 313 AENEIDOS
1629 263 1723 314 111.

315 422 599 492 Argolicas
621 421 941 491 mediosque
963 423 1149 491 fugam
1172 423 1417 477 tenuisse
1440 440 1542 493 per
1564 423 1757 480 hostis.

312 508 533 564 Interea
552 526 816 578 magnum
840 509 923 563 sol
947 509 1400 564 circumvolvitur
1424 527 1648 580 annum,

310 595 383 651 Et
405 595 651 665 glacialis
672 596 854 650 hiems
878 595 1219 665 aquilonibus
1243 603 1462 665 asperat
1486 597 1677 653 undas.
2238 602 2343 655 285

310 682 459 737 Aere
483 700 622 738 cavo
646 683 901 752 clipeum,
929 683 1117 751 magni
1140 687 1428 752 gestamen
1451 684 1707 755 Abantis,

310 770 567 824 Postibus
592 769 838 825 adversis
859 768 987 838 figo,
1017 774 1074 823 et
1098 786 1217 823 rem
1243 771 1486 824 carmine
1511 770 1704 840 signo:

314 858 348 886 “
364 856 602 911 Animas
627 872 780 910 mo
803 846 878 909 nn
901 871 1117 910 nanus
1140 871 1481 912 woromntrs
1509 859 1732 912 ΛΜΝ

310 943 583 1013 Linquere
605 948 724 996 tum
750 947 946 1013 portus
967 943 1131 997 iubeo
1154 947 1215 996 et
1237 943 1525 997 considere
1552 945 1827 1000 transtris.

310 1029 577 1084 Certatim
604 1030 739 1084 socii
763 1031 970 1083 feriunt
992 1046 1147 1084 mare
1171 1040 1229 1085 et
1252 1047 1494 1100 aequora
1518 1037 1763 1087 verrunt.
2237 1038 2346 1089 290

311 1117 572 1170 Protinus
595 1116 772 1171 aerias
796 1115 1109 1171 Phaeacum
1134 1117 1525 1171 abscondimus
1550 1134 1718 1186 arces,
1879 1133 1884 1138 ·

309 1203 607 1272 Litoraque
630 1202 783 1272 Epiri
805 1202 1038 1271 legimus
1060 1207 1335 1273 portuque
1359 1205 1607 1259 subimus

309 1289 563 1343 Chaonio
588 1294 646 1343 et
669 1289 869 1343 celsam
893 1289 1156 1344 Buthroti
1180 1290 1494 1346 adsedimus
1515 1292 1728 1348 urbem.

380 1376 489 1431 Hic
512 1376 849 1431 incredibilis
872 1393 1057 1431 rerum
1080 1377 1233 1431 fama
1256 1383 1491 1447 occupat
1513 1381 1677 1445 auris,

306 1463 625 1518 Priamiden
649 1462 922 1518 Helenum
949 1463 1144 1518 Graias
1167 1481 1401 1533 regnare
1423 1482 1526 1535 per
1549 1468 1728 1535 urbes,
2236 1471 2343 1522 295

307 1551 583 1619 Coniugio
605 1550 884 1606 Aeacidae
907 1550 1110 1618 Pyrrhi
1133 1553 1472 1622 sceptrisque
1495 1555 1751 1623 potitum,

304 1638 381 1692 Et
402 1638 585 1707 patrio
609 1637 1041 1692 Andromachen
1063 1638 1268 1693 iterum
1291 1640 1517 1694 cessisse
1540 1642 1758 1696 marito.

307 1725 585 1795 Obstipui,
612 1724 865 1794 miroque
886 1725 1175 1780 incensum
1199 1734 1393 1795 pectus
1417 1744 1620 1797 amore,

305 1813 656 1886 Compellare
679 1817 861 1871 virum
884 1821 941 1871 et
965 1833 1121 1871 casus
1144 1834 1480 1886 cognoscere
1503 1822 1708 1871 tantos.

303 1901 645 1972 Progredior
670 1908 852 1972 portu,
882 1902 1065 1958 classis
1088 1908 1145 1958 et
1168 1904 1334 1958 litora
1356 1905 1640 1972 linquens:
2238 1908 2344 1959 300

303 1989 600 2044 Sollemnis
624 2007 752 2044 cum
773 1991 921 2044 forte
945 1990 1114 2059 dapes
1138 1995 1196 2045 et
1217 1991 1403 2044 tristia
1426 1991 1573 2045 dona

303 2077 461 2131 Ante
485 2078 682 2131 urbem
703 2077 764 2131 in
785 2077 913 2131 luco
934 2076 1060 2131 falsi
1083 2077 1383 2131 Simoentis
1408 2077 1477 2131 ad
1501 2077 1708 2132 undam

301 2161 545 2217 Libabat
570 2164 742 2217 cineri
767 2163 1159 2243 Andromache
1184 2165 1472 2234 Manisque
1495 2167 1729 2221 vocabat

301 2249 648 2307 Hectoreum
676 2253 745 2308 ad
767 2254 1059 2323 tumulum,
1088 2254 1254 2307 viridi
1279 2271 1444 2323 quem
1469 2255 1707 2324 caespite
1731 2255 1955 2309 inanem

297 2341 375 2396 Et
398 2343 668 2412 geminas,
696 2360 917 2398 causam
939 2342 1197 2411 lacrimis,
1226 2347 1540 2397 sacraverat
1564 2359 1701 2396 aras
2238 2345 2341 2396 305

299 2430 377 2484 Ut
402 2446 499 2484 me
524 2431 814 2499 conspexit
837 2432 1155 2486 venientem
1175 2436 1232 2486 et
1255 2431 1422 2486 Troia
1445 2432 1652 2486 circum

296 2515 482 2573 Arma
506 2534 699 2572 amens
721 2518 878 2588 vidit,
905 2521 1120 2589 magnis
1144 2520 1413 2573 exterrita
1432 2520 1696 2572 monstris

293 2602 563 2673 Deriguit
585 2604 708 2658 visu
730 2606 791 2658 in
813 2605 1014 2675 medio,
1042 2605 1192 2661 calor
1216 2621 1339 2660 ossa
1361 2605 1616 2675 reliquit3

294 2690 550 2761 Labitur,
574 2696 631 2746 et
652 2693 819 2760 longo
843 2693 940 2747 vix
963 2692 1187 2747 tandem
1211 2697 1464 2761 tempore
1487 2692 1668 2746 fatur:

295 2781 331 2808 ‘⁴
348 2778 586 2833 Verane
612 2783 669 2832 te
694 2779 882 2848 facies,
909 2796 1074 2833 verus
1094 2779 1233 2832 mihi
1257 2780 1488 2834 nuntius
1513 2780 1715 2850 adfers,
2237 2782 2342 2834 810

291 2866 445 2921 Nate
471 2866 619 2921 dea?
657 2866 909 2921 vivisne?
949 2870 1057 2934 aut,
1087 2866 1132 2920 si
1154 2866 1251 2919 lux
1276 2866 1423 2920 alma
1445 2868 1685 2934 recessit,

289 2954 518 3010 Hector
541 2954 639 3008 ubi
666 2955 785 3009 est?
806 2955 839 2983 ”
913 2953 1086 3023 Dixit,
1115 2954 1477 3024 lacrimasque
1502 2954 1697 3008 effudit
1722 2960 1779 3010 et
1802 2971 2022 3010 omnem

288 3040 566 3112 Implevit
591 3042 832 3097 clamore
855 3042 1057 3098 locum.
1129 3042 1245 3098 Vix
1268 3060 1446 3112 pauca
1468 3043 1674 3097 furcnti

289 3129 527 3186 Subicio
554 3135 612 3184 et
637 3129 777 3183 raris
800 3131 1054 3184 turbatus
1076 3130 1306 3184 vocibus
1328 3130 1516 3184 hisco:

293 3218 327 3245 ‘⁴
344 3217 504 3272 Vivo
532 3215 809 3286 equidem,
837 3217 1116 3286 vitamque
1143 3222 1392 3272 extrema
1413 3233 1514 3286 per
1538 3217 1725 3273 omnia
1749 3217 1925 3285 duco3
2235 3218 2339 3270 315

288 3301 379 3358 Ne
403 3303 626 3371 dubita,
655 3318 791 3356 nam
814 3320 948 3358 vera
971 3304 1140 3359 vides.

287 3389 449 3446 Em!
495 3390 626 3460 quis
651 3394 712 3443 te
737 3406 894 3443 casus
918 3390 1189 3445 deiectam
1214 3391 1448 3458 coniuge
1470 3394 1631 3445 tanto

284 3469 558 3550 hspite
598 3479 700 3531 aut
726 3492 864 3544 quae
887 3477 1052 3545 digna
1076 3477 1208 3532 satis
1231 3478 1459 3532 fortuna
1481 3478 1705 3531 revisit?

280 3559 559 3624 w
582 3562 995 3634 Andromache,
1022 3563 1283 3633 Pyrrhin’
1310 3565 1551 3619 conubia
1573 3563 1792 3617 servas?
1810 3562 1844 3591 ’²
