2725 3917
952 231 1231 283 VEBGILI
1277 230 1609 282 AENEIDOS
1652 230 1718 281 11.

317 402 462 456 Hinc
482 398 623 453 mihi
648 395 829 467 prima
851 394 983 450 mali
1004 394 1173 462 labes,
1201 394 1333 448 hinc
1356 409 1575 462 semper
1599 391 1793 447 Ulixes

315 491 652 547 Criminibus
675 493 887 542 terrere
911 486 1084 553 novis,
1113 485 1245 538 hinc
1272 500 1532 553 spargere
1557 499 1724 537 voces

313 579 382 634 In
404 578 627 647 volgum
655 575 953 644 ambiguae,
982 579 1039 627 et
1062 587 1326 641 quaerere
1353 569 1604 625 conscius
1628 586 1799 624 arma.

313 666 434 721 Nec
456 664 730 733 requievit
754 661 916 729 enim,
945 659 1123 713 donee
1150 657 1457 712 Calchante
1483 656 1810 712 ministro—
2252 659 2356 712 100

314 753 424 807 Sed
450 752 584 822 quid
607 767 712 820 ego
734 750 874 804 haec
899 753 1085 802 autem
1113 746 1444 815 nequiquam
1468 744 1686 812 ingrata
1707 743 1976 800 revolvo?

314 840 532 906 Quidve
555 853 760 908 moror,
789 837 835 891 si
860 834 1039 889 omnis
1064 849 1178 887 uno
1206 832 1401 886 ordine
1424 830 1640 885 habetis
1664 829 1930 900 Achivos,

312 927 493 996 quue
509 925 702 980 audire
725 930 811 979 sat
834 925 959 979 est?
1034 919 1363 976 Iamdudum
1391 917 1591 971 sumite
1614 933 1823 985 poenas
1843 939 1858 985 3

314 1013 438 1068 Hoc
462 1013 689 1067 Ithacus
710 1011 861 1078 velit,
890 1015 947 1066 et
972 1023 1173 1077 magno
1196 1009 1515 1060 mercentur
1538 1003 1826 1059 Atridae.'’

383 1100 525 1154 Tum
542 1116 677 1154 vero
701 1099 956 1154 ardemus
979 1093 1168 1151 scitari
1191 1098 1249 1147 et
1273 1108 1540 1163 quaerere
1563 1107 1770 1160 causas,
2253 1092 2355 1145 105

314 1187 501 1256 Ignari
526 1186 794 1241 scelerum
819 1190 1105 1240 tantorum
1136 1182 1380 1250 artisque
1407 1178 1685 1246 Pelasgae.

313 1274 674 1343 Prosequitur
696 1274 966 1343 pavitans,
994 1275 1053 1327 et
1070 1270 1202 1325 ficto
1226 1271 1452 1337 pectore
1478 1267 1664 1320 fatur:

387 1363 421 1392 ‘⁶
442 1361 618 1430 Saepe
640 1362 833 1430 fugam
857 1358 1038 1415 Danai
1063 1357 1229 1412 Troia
1253 1355 1476 1424 cupiere
1505 1353 1700 1409 relicta

315 1446 501 1501 Moliri
525 1453 583 1501 et
605 1448 775 1518 longo
796 1447 931 1502 fessi
954 1444 1235 1501 discedere
1259 1442 1432 1511 bello3

312 1534 703 1605 Fecissentque
724 1535 968 1590 utinam!
1009 1549 1173 1603 saepe
1196 1530 1321 1586 illos
1345 1545 1541 1600 aspera
1563 1527 1725 1597 ponti
2253 1525 2357 1581 110

312 1622 635 1677 Interclusit
657 1623 851 1690 hiems,
880 1627 939 1677 et
959 1622 1162 1675 terruit
1187 1620 1396 1673 Auster
1422 1616 1621 1671 euntis.
2447 1639 2452 1644 ·

313 1708 635 1779 Praecipue,
664 1725 791 1763 cum
815 1710 925 1762 iam
948 1705 1041 1763 hic
1063 1707 1316 1761 trabibus
1338 1708 1637 1759 contextus
1660 1700 1875 1756 acernis

316 1796 500 1851 Staret
524 1812 710 1865 equus,
737 1800 861 1849 toto
885 1798 1191 1849 sonuerunt
1214 1792 1438 1848 aethere
1459 1789 1665 1844 nimbi.‘

316 1883 574 1952 Suspensi
598 1882 947 1951 Eurypylum
970 1882 1265 1936 scitantem
1294 1877 1519 1934 oracula
1546 1874 1761 1930 Phoebi

313 1969 604 2039 Mittimus,
629 1970 787 2039 isque
813 1969 996 2037 adytis
1018 1969 1157 2023 haec
1180 1966 1361 2021 tristia
1384 1965 1534 2019 dicta
1557 1966 1839 2033 reportat:
2254 1961 2357 2015 11⁸

318 2056 642 2125 “Sanguine
665 2056 926 2126 placastis
949 2060 1148 2111 ventos
1171 2059 1230 2109 et
1253 2055 1466 2123 virgine
1490 2070 1663 2125 caesa,

316 2143 458 2198 Cum
481 2143 719 2213 primum
745 2142 957 2211 Iliacas,
983 2141 1176 2210 Danai,
1206 2141 1434 2196 venistis
1456 2142 1528 2196 ad
1552 2159 1709 2210 oras3

315 2229 593 2301 Sanguine
617 2230 913 2300 quaerendi
934 2229 1163 2297 reditus,
1191 2230 1483 2299 animaque
1511 2229 1788 2286 litandum

314 2317 632 2388 Argolica„
704 2316 879 2388 Volgi
905 2332 1045 2387 quae
1069 2332 1179 2371 vox
1202 2320 1268 2370 ut
1289 2317 1447 2371 venit
1471 2317 1542 2372 ad
1565 2317 1727 2386 auris,

316 2405 645 2475 Obstipuere
669 2404 854 2472 animi,
882 2402 1202 2473 gelidusque
1224 2419 1325 2472 per
1346 2404 1460 2458 ima
1484 2404 1727 2459 cucurrit
2246 2403 2352 2456 120

317 2493 454 2548 Ossa
474 2497 705 2561 tremor,
733 2492 821 2546 cui
845 2490 963 2545 fata
983 2495 1197 2561 parent,
1223 2507 1388 2561 quem
1407 2497 1602 2561 poscat
1624 2490 1854 2561 Apollo.
1947 2495 1958 2548 1

312 2580 417 2635 Hic
439 2579 669 2635 Ithacus
691 2584 877 2633 vatem
896 2593 1098 2647 magno
1123 2578 1432 2634 Calchanta
1453 2579 1698 2634 tumultu

313 2667 601 2723 Protrahit
623 2666 685 2719 in
708 2665 952 2732 medios;
994 2680 1133 2735 quae
1158 2666 1271 2720 sint
1295 2682 1362 2721 ea
1384 2666 1617 2721 numina
1638 2665 1843 2735 divom,

311 2754 569 2825 Flagitat.
642 2753 721 2807 Et
742 2753 882 2807 mihi
905 2753 1013 2807 iam
1039 2751 1201 2807 multi
1226 2752 1449 2809 crudele
1474 2753 1749 2808 cauebant

310 2842 562 2897 Artificis
584 2840 778 2910 scelus,
805 2845 862 2894 et
884 2840 1039 2895 taciti
1064 2845 1300 2895 ventura
1322 2839 1603 2895 videbant.
2245 2837 2348 2890 125

312 2928 408 2983 Bis
431 2930 631 2999 quinos
654 2928 780 2983 silet
803 2927 897 2981 ille
919 2926 1052 2996 dies,
1082 2932 1371 2996 tectusque
1395 2933 1613 2982 recusat

310 3016 556 3071 Prodere
580 3031 720 3070 voce
743 3031 845 3068 sua
863 3030 1195 3084 quemquam
1221 3019 1318 3069 aut
1342 3029 1625 3083 opponere
1649 3013 1835 3068 morti.
1873 3039 1880 3044 ·

312 3101 426 3157 Vix
449 3102 694 3171 tandem,
723 3101 938 3170 magnis
961 3100 1143 3155 Ithaci
1168 3100 1500 3155 clamoribus
1523 3105 1691 3170 actus,

314 3189 633 3260 Composito
655 3189 868 3257 rumpit
886 3203 1093 3256 vocem,
1122 3191 1180 3241 et
1202 3203 1292 3241 me
1317 3186 1559 3243 destinat
1584 3202 1728 3242 arae.

312 3275 626 3332 Adsensere
650 3291 860 3342 omnes,
889 3279 960 3342 et,
988 3289 1129 3342 quae
1153 3273 1259 3327 sibi
1285 3274 1512 3343 quisque
1537 3274 1785 3343 timebat,
2248 3268 2354 3322 130

313 3359 487 3422 unius
506 3363 569 3417 in
593 3361 783 3416 miseri
811 3359 1041 3415 exitium
1066 3376 1334 3415 conversa
1355 3361 1551 3415 tulere.

294 3485 307 3496 -
406 3505 409 3506 a
560 3449 680 3506 dies
702 3447 938 3503 infanda
963 3446 1178 3502 aderat:
1218 3445 1357 3501 mihi
1381 3463 1537 3504 sacra
1560 3446 1759 3516 parari,

440 3551 443 3552 ⁷
606 3536 811 3605 fruges,
840 3538 900 3589 et
924 3533 1131 3588 circum
1155 3537 1409 3603 tempora
1433 3535 1624 3590 vittae.

266 3633 343 3654 ιιι.
