2725 3917
913 253 1192 302 VERGILI
1237 253 1566 303 AENEIDOS
1608 252 1728 304 VII.

323 416 537 471 Externi
559 416 792 470 veniunt
814 417 1018 485 generi,
1048 416 1142 485 qui
1167 417 1433 484 sanguine
1455 422 1708 469 nostrum

322 502 523 558 Nomen
547 504 609 556 in
632 508 782 557 astra
803 505 1001 571 ferant,
1033 519 1377 571 quorumque
1403 504 1474 556 ab
1500 504 1671 571 stirpe
1694 507 1931 570 nepotes

324 589 507 644 Omnia
530 589 631 643 sub
655 589 904 658 pedibus,
933 605 1041 658 qua
1064 588 1160 641 Sol
1185 595 1485 658 utrumque
1507 605 1796 641 recurrens

319 677 525 745 Aspicit
549 676 848 745 Oceanum,
877 675 1131 744 vertique
1154 675 1381 744 regique
1406 675 1730 728 videbunt.”

320 763 456 817 Haec
480 779 744 831 responsa
765 761 941 831 patris
964 761 1141 815 Fauni
1162 762 1724 831 monitusque=silenti

318 850 485 904 Nocte
509 849 670 903 datos
692 865 807 902 non
832 849 949 917 ipse
972 864 1071 901 suo
1097 849 1298 917 premit
1322 865 1418 902 ore
1442 849 1685 917 Latinus,

319 937 414 990 Sed
438 938 645 991 circum
668 936 780 990 late
803 934 1048 990 volitans
1070 936 1181 989 iam
1206 935 1379 989 Fama
1400 953 1503 1005 per
1526 937 1695 988 urbes

316 1023 581 1077 Ausonias
605 1022 823 1089 tulerat,
852 1039 978 1076 cum
1003 1022 1402 1076 Laomedontia
1427 1023 1598 1091 pubes

317 1111 608 1164 Gramineo
631 1110 783 1179 ripae
806 1109 1062 1178 religavit
1082 1110 1153 1163 ab
1179 1126 1377 1178 aggere
1401 1110 1646 1165 classem.

379 1200 593 1252 Aeneas
616 1197 888 1266 primique
913 1197 1081 1250 duces
1103 1201 1162 1251 et
1183 1197 1414 1266 pulcher
1439 1198 1593 1251 Iulus

316 1284 550 1352 Corpora
574 1285 675 1337 sub
698 1284 867 1337 ramis
890 1283 1176 1352 deponunt
1201 1285 1416 1338 arboris
1441 1285 1600 1353 altae,

314 1370 719 1440 Instituuntque
743 1370 925 1439 dapes,
954 1375 1013 1424 et
1036 1370 1242 1425 adorea
1263 1371 1377 1425 liba
1400 1387 1498 1440 per
1521 1372 1751 1427 herbam

313 1457 595 1511 Subiciunt
618 1457 964 1526 epulis—sic
988 1457 1238 1527 Iuppiter
1260 1458 1353 1512 ille
1382 1458 1716 1513 monebat—

309 1545 380 1598 Et
404 1544 630 1598 Cereale
654 1545 833 1597 solum
855 1545 1038 1613 pomis
1061 1546 1371 1613 agrestibus
1394 1551 1612 1615 augent.

312 1631 664 1700 Consumptis
687 1632 779 1686 hic
803 1632 954 1685 forte
978 1632 1114 1700 aliis,
1142 1643 1206 1686 ut
1230 1638 1449 1687 vertere
1471 1649 1688 1687 morsus

308 1718 577 1787 Exiguam
602 1719 663 1772 in
687 1719 943 1773 Cererem
970 1720 1201 1788 penuria
1224 1719 1410 1787 adegit
1433 1720 1630 1774 edendi

241 1799 248 1807 '
307 1805 379 1860 Et
400 1806 607 1860 violare
632 1823 798 1860 manu
822 1807 1089 1875 malisque
1113 1806 1412 1861 audacibus
1437 1807 1628 1860 orbem

306 1892 509 1946 Fatalis
534 1893 705 1946 crusti
728 1894 933 1962 patulis
956 1909 1060 1946 nec
1083 1909 1310 1961 parcere
1335 1892 1591 1960 quadris:
1617 1916 1620 1919 ⁴

310 1982 343 2008 “
356 1980 524 2050 Heus,
554 1981 723 2035 etiam
745 1997 959 2034 mensas
983 1980 1384 2034 consumimus!
1407 1978 1438 2006 '’
1463 1980 1648 2047 inquit
1673 1979 1904 2049 Iulus—

303 2066 359 2120 N
360 2083 422 2121 ec
448 2067 608 2136 plura
634 2067 911 2121 adludens.
985 2067 1069 2120 Ea
1091 2083 1202 2120 vox
1227 2065 1418 2119 audita
1446 2065 1703 2119 laborum

301 2153 492 2207 Prima
513 2153 645 2207 tulit
668 2153 854 2222 finem,
881 2155 1227 2223 primamque
1250 2153 1525 2222 loquentis
1547 2154 1615 2206 ab
1640 2169 1734 2207 oro

299 2241 521 2311 Eripuit
542 2248 719 2312 pater,
747 2259 811 2296 ac
836 2242 1172 2311 stupefactus
1196 2241 1422 2294 numine
1445 2240 1659 2308 pressit.

300 2328 584 2383 Continuo
613 2330 647 2359 ‘⁶
664 2329 827 2383 Salve
850 2329 982 2384 fatis
1004 2329 1142 2381 mihi
1167 2327 1356 2381 debita
1378 2327 1555 2394 tellus,

297 2418 585 2490 Vosque,”
613 2421 707 2488 ait,
741 2421 776 2449 “
796 2436 831 2473 o
852 2418 950 2472 fidi
975 2419 1171 2471 Troiae
1195 2417 1401 2470 salvete
1424 2415 1691 2470 Penates!

294 2505 408 2561 Hic
434 2508 645 2576 domus,
673 2507 810 2562 haec
835 2506 1018 2575 patria
1042 2509 1141 2559 est.
1215 2504 1450 2558 Genitor
1473 2503 1613 2556 mihi
1636 2504 1773 2557 talia
1793 2519 2047 2572 namque,

291 2593 465 2649 Nunc
490 2601 700 2664 repeto,
730 2594 1003 2648 Anchises
1025 2594 1269 2647 fatorum
1296 2608 1497 2646 arcana
1520 2592 1775 2661 reliquit:

292 2682 440 2735 Cum
465 2687 538 2751 te,
562 2687 711 2751 nate,
740 2683 913 2737 fames
937 2683 1127 2751 ignota
1152 2681 1222 2735 ad
1245 2682 1412 2735 litora
1437 2685 1658 2734 vectum

288 2769 514 2823 Accisis
538 2773 700 2838 coget
724 2769 955 2838 dapibus
980 2786 1301 2823 consumere
1327 2786 1561 2838 mensae,

289 2855 437 2909 Tum
462 2873 684 2925 sperare
709 2856 903 2910 domos
926 2856 1175 2911 defessus
1197 2857 1384 2925 ibique
1406 2861 1686 2910 memento

283 2940 488 2998 Prima
509 2943 694 2997 locare
716 2960 884 2997 manu
909 2942 1199 3011 molirique
1223 2960 1421 3011 aggere
1445 2947 1608 2996 tecta.

255 3021 258 3026 ’
283 3028 449 3084 Haec
475 3034 595 3084 erat
618 3029 713 3084 illa
736 3030 938 3097 fames3
978 3030 1116 3084 haec
1142 3047 1244 3083 nos
1267 3046 1524 3098 suprema
1546 3029 1821 3097 manebat,

278 3115 496 3171 Exitiis
520 3117 772 3185 positura
795 3116 1040 3171 modum.
1129 3101 1137 3107 ⁴

276 3203 479 3268 Quare
503 3205 650 3273 agite
677 3209 734 3258 et
758 3204 941 3273 primo
966 3203 1095 3258 laeti
1120 3220 1245 3257 cum
1268 3203 1477 3257 lumine
1502 3204 1645 3272 solis,

280 3288 450 3353 Quae
472 3290 611 3357 loca,
636 3291 803 3361 quive
827 3290 1069 3343 habeant
1095 3290 1361 3358 homineS,
1389 3290 1485 3343 ubi
1510 3290 1730 3344 moenia
1755 3288 1949 3357 gentis,

276 3365 663 3446 VestigemuS,
695 3382 751 3430 et
778 3393 810 3430 a
832 3382 995 3444 portu
1021 3376 1240 3429 diversa
1262 3382 1531 3444 petamus,

274 3460 461 3519 Nunc
484 3469 707 3534 pateras
730 3463 903 3516 libate
925 3463 1062 3531 Iovi,
1089 3462 1451 3531 precibusque
1474 3467 1674 3515 vocate

273 3548 580 3607 Anchisen
602 3550 935 3619 genitorem,
957 3554 1012 3603 et
1040 3550 1172 3603 vina
1193 3549 1444 3617 reponite
1470 3547 1727 3601 mensiS.”

2237 590 2339 640 100

2235 1025 2337 1077 105

2237 1463 2338 1513 110

2226 1897 2334 1947 115
2366 1878 2379 1887 “

2233 2332 2333 2382 120

2229 2769 2329 2819 125

2229 3203 2330 3253 130
