2725 3917
932 239 1209 289 VERGILI
1253 240 1584 290 AENEIDOS
1629 240 1695 291 Π.

297 401 566 458 Praedam
592 400 975 455 adservabant.
1052 399 1177 454 Huc
1201 400 1446 469 undique
1472 401 1638 455 Troia
1661 417 1799 470 gaza

298 490 539 544 Incensis
563 493 756 557 erepta
780 488 979 556 adytis,
1006 503 1339 556 mensaeque
1364 486 1613 556 deorum,

299 577 658 646 oratoresque
684 591 820 630 auro
846 574 1023 643 solidi,
1053 575 1382 643 captivaque
1409 575 1581 628 vestis
2232 575 2335 633 765

298 664 646 732 Congeritur.
720 661 887 715 Pueri
915 666 973 715 et
997 660 1233 729 pavidae
1257 661 1425 729 longo
1451 660 1644 716 ordine
1667 666 1876 716 matres

297 751 460 805 Stant
483 752 709 805 circum.

294 839 480 892 Ausus
505 838 639 907 quin
663 837 832 890 etiam
860 851 1025 889 voces
1053 835 1259 889 iactare
1283 852 1387 904 per
1411 835 1666 888 umbram

294 924 529 993 Implevi
557 923 794 977 clamore
818 922 954 990 vias,
985 927 1337 991 maestusque
1362 921 1630 975 Creusam

294 1010 644 1081 Nequiquam
664 1008 1010 1078 ingeminans
1043 1009 1354 1076 iterumque
1380 1008 1690 1077 iterumque
1717 1009 1925 1063 vocavi.
2230 1008 2337 1065 ’770

296 1097 597 1162 Quaerenti
623 1101 679 1150 et
703 1096 867 1151 tectis
891 1096 1044 1149 urbis
1069 1095 1187 1148 sine
1220 1093 1332 1147 fine
1356 1094 1562 1147 furenti

294 1184 495 1238 Infelix
521 1183 872 1244 simulacrum
900 1187 1062 1252 atque
1088 1182 1263 1250 ipsius
1291 1181 1489 1235 umbra
1513 1180 1752 1235 Creusae

295 1271 433 1326 Visa
455 1270 595 1323 mihi
620 1275 749 1324 ante
773 1270 964 1324 oculos
986 1274 1043 1323 et
1069 1273 1206 1322 nota
1230 1267 1405 1321 maior
1427 1266 1627 1335 imago,

295 1357 568 1427 Obstipui,
592 1361 974 1427 steteruntque
1001 1372 1191 1410 comae
1218 1358 1276 1408 et
1301 1370 1413 1408 vox
1437 1354 1688 1408 faucibus
1710 1354 1906 1409 haesit.

294 1444 433 1497 Tum
457 1445 536 1498 sic
561 1444 741 1498 adfari
765 1448 823 1499 et
846 1460 1007 1498 curas
1030 1443 1119 1496 his
1146 1442 1369 1496 demere
1396 1440 1588 1494 dictis:
2229 1441 2334 1497 ’775

297 1532 331 1559 “
348 1531 493 1596 Quid
515 1535 735 1584 tantum
757 1531 955 1584 insano
979 1531 1133 1584 iuvat
1162 1529 1450 1598 indulgere
1475 1527 1671 1596 dolori,

295 1616 344 1670 Ο
368 1617 546 1672 dulcis
569 1617 848 1671 coniunx?
874 1633 990 1671 non
1016 1617 1153 1671 haec
1179 1617 1299 1670 sine
1323 1616 1552 1669 numine
1580 1615 1768 1669 divom

293 1703 606 1772 Eveniunt;
645 1721 750 1758 nec
772 1709 831 1758 te
853 1703 985 1757 hinc
1014 1703 1272 1758 comitem
1299 1708 1584 1772 asportare
1611 1701 1873 1756 Creusam

294 1791 397 1845 Fas
424 1797 522 1845 aut
541 1791 639 1845 ille
661 1792 794 1845 sinit
819 1792 1002 1859 superi
1030 1796 1294 1860 regnator
1321 1790 1561 1858 Olympi.

293 1878 482 1947 Longa
503 1878 609 1932 tibi
632 1878 839 1946 exsilia,
868 1883 927 1931 et
952 1882 1171 1932 vastum
1197 1877 1368 1931 maris
1398 1892 1602 1944 aequor
1628 1875 1911 1944 arandum,
2226 1873 2262 1930 7
2264 1877 2333 1927 80

292 1964 367 2018 Et
388 1970 600 2019 terram
623 1964 948 2034 Hesperiam
973 1966 1176 2033 venieS,
1207 1965 1305 2017 ubi
1330 1962 1540 2030 Lydius
1565 1978 1700 2015 arva

292 2051 451 2105 Inter
476 2052 662 2120 opima
683 2052 865 2104 virum
888 2051 999 2105 leni
1024 2051 1157 2106 fluit·
1176 2054 1395 2121 agmine
1421 2044 1688 2119 Thybris:

291 2138 414 2193 Illic
437 2155 529 2192 res
550 2138 728 2192 laetae
751 2154 1095 2207 regnumque
1123 2143 1181 2193 et
1203 2140 1357 2208 regia
1381 2139 1623 2193 coniunx

290 2226 462 2280 Parta
485 2226 606 2279 tibi.
677 2224 957 2279 Lacrimas
980 2225 1217 2280 dilectae
1248 2227 1393 2295 pelle
1419 2226 1690 2281 Creusae:

290 2312 423 2367 Non
446 2329 551 2380 ego
576 2312 992 2381 Myrmidonum
1019 2313 1178 2367 sedes
1200 2313 1547 2383 Dolopumve
1575 2316 1835 2384 superbas
2225 2313 2331 2371 '785

288 2400 595 2469 Aspiciam,
625 2405 720 2454 aut
745 2399 909 2454 Grais
931 2400 1196 2454 servitum
1220 2401 1489 2455 matribus
1515 2402 1622 2471 ibo,

286 2486 581 2555 Dardanis,
610 2491 668 2540 et
690 2486 851 2541 divae
876 2486 1116 2542 Veneris
1142 2504 1344 2555 nurus;

285 2573 396 2628 Sed
420 2590 514 2627 me
538 2589 742 2641 magna
763 2572 929 2626 deum
954 2572 1225 2627 Genetrix
1248 2573 1336 2627 his
1363 2573 1574 2628 detinet
1600 2573 1728 2628 oris·

283 2659 518 2728 Iamque
541 2659 682 2728 vale,
710 2663 767 2713 et
791 2660 909 2713 nati
935 2676 1095 2713 serva
1126 2662 1433 2715 communis
1460 2662 1764 2717 amorem.’‘

283 2747 445 2802 Haec
468 2746 566 2800 ubi
588 2746 740 2800 dicta
763 2746 932 2813 dedit,
961 2745 1343 2801 lacrimantem
1379 2753 1436 2801 et
1460 2749 1635 2803 multa
1659 2748 1940 2803 volentem
2224 2746 2262 2805 ’ἵ
2265 2751 2332 2801 90

280 2833 489 2888 Dicere
514 2833 775 2901 desernit,
801 2833 1089 2903 tenuisque
1119 2837 1349 2889 recessit
1375 2836 1433 2888 in
1458 2852 1635 2890 auras.

280 2921 389 2976 Ter
415 2925 652 2975 conatus
673 2920 755 2974 ibi
779 2919 924 2974 collo
950 2920 1083 2975 dare
1112 2922 1372 2977 bracchia
1396 2923 1632 2991 circum3

280 3007 388 3062 Ter
412 3008 630 3061 frustra
651 3023 978 3075 comprensa
999 3025 1197 3062 manus
1221 3008 1414 3075 effugit
1438 3009 1635 3077 image,

279 3094 390 3149 Par
413 3093 636 3148 levibus
659 3094 845 3147 ventis
868 3094 1187 3163 volucrique
1212 3095 1495 3148 simillima
1516 3111 1727 3149 somno,

349 3182 447 3237 Sic
470 3182 697 3235 demum
723 3182 905 3235 socios
931 3185 1260 3249 consumpta
1283 3187 1447 3235 nocte
1472 3182 1671 3235 revise.
2222 3178 2258 3235 7
2261 3182 2327 3232 95

279 3268 471 3340 Atque
494 3268 591 3323 hic
614 3269 903 3336 ingentem
929 3268 1195 3321 comitum
1220 3266 1514 3321 adfluxisse
1538 3284 1809 3322 novorum

277 3355 516 3411 Invenio
540 3354 829 3410 admirans
851 3370 1159 3423 numerum,
1189 3359 1519 3423 matresque,
1547 3355 1817 3423 virosque,

279 3443 592 3500 Oonoetsm
618 3440 816 3496 exsilio
840 3441 1055 3511 pubem,
1084 3442 1394 3496 miserabile
1420 3441 1631 3509 volgus.

276 3529 543 3604 Uulique
567 3544 901 3598 convenere,
929 3528 1125 3583 animis
1150 3529 1453 3598 opibusque
1477 3526 1672 3596 parati,
