2725 3917
912 253 1190 306 VERGILI
1232 252 1565 302 ARNEIDOS
1608 252 1704 304 111.

294 417 532 473 Addixi:
574 418 708 472 satis
733 421 818 471 est
840 421 1065 485 gentem
1089 414 1349 482 effugisse
1372 412 1688 468 nefandam.

294 507 415 562 Vos
438 507 678 560 animam
702 504 847 559 hanc
870 504 1057 573 potius
1083 517 1429 571 quocumque
1454 501 1728 555 absumite
1750 500 1919 556 let0.”

362 593 476 648 Vix
503 610 569 647 ea
591 593 743 645 fatus
767 595 901 658 erat,
929 604 1144 642 summo
1167 604 1293 640 cum
1316 592 1508 642 monte
1531 587 1783 642 videmus
2222 592 2325 642 655

291 680 479 749 Ipsum
503 682 654 733 inter
676 676 915 746 pecudes
938 680 1099 729 vasta
1121 691 1180 728 se
1202 673 1350 728 mole
1375 679 1691 728 moventem
1937 692 1998 738 μ

290 767 579 820 Pastorem
600 762 1002 831 Polyphemum
1028 765 1086 814 et
1107 760 1275 814 litora
1297 765 1436 815 nota
1458 765 1759 829 petentem,
1949 743 1956 762 ⁴

291 852 599 905 Monstrum
626 848 980 917 horrendum,
1006 848 1266 915 informe,
1291 848 1505 915 ingens,
1533 848 1625 902 eui
1647 848 1834 901 lumen
1859 847 2195 917 ademptum.

293 938 510 994 Trunca
530 953 700 990 manu
723 936 887 1004 pinus
910 934 1054 1002 regit
1078 939 1136 988 et
1158 934 1395 1002 vestigia
1418 933 1634 1000 firmat3

292 1024 593 1093 Lanigerae
617 1023 952 1077 comitantur
976 1037 1138 1089 oves3
1180 1037 1245 1074 ea
1269 1020 1390 1075 sola
1414 1020 1673 1090 voluptas
2224 1027 2328 1076 660

293 1111 655 1180 Solamenque
679 1109 825 1164 mali.

292 1199 591 1267 Postquam
616 1196 756 1251 altos
780 1195 965 1264 tetigit
989 1195 1188 1250 fluctus
1214 1201 1271 1250 et
1299 1197 1371 1251 ad
1397 1214 1636 1266 aequora
1659 1198 1828 1267 venit,

291 1284 539 1338 Luminis
562 1284 751 1338 effossi
774 1282 1004 1335 fluidum
1027 1282 1165 1337 lavit
1192 1284 1324 1337 inde
1351 1300 1621 1352 cruorem,

290 1371 563 1425 Dentibus
586 1369 909 1423 infrendens
929 1370 1152 1438 gemitu,
1190 1370 1550 1439 graditurque
1575 1388 1675 1439 per
1698 1387 1905 1439 aequor

290 1458 407 1512 Iam
429 1457 691 1526 medium,
718 1458 955 1512 necdum
979 1457 1177 1511 fluctus
1202 1458 1380 1512 latera
1404 1458 1577 1512 ardua
1601 1459 1786 1511 tinxit.
2225 1459 2328 1511 665

291 1544 411 1598 Nos
433 1544 627 1614 procul
650 1543 782 1597 inde
805 1544 997 1612 fugam
1024 1544 1227 1613 trepidi
1253 1543 1511 1612 celerare,
1540 1548 1766 1612 recepto

293 1631 547 1701 Supplice
572 1632 651 1685 sic
675 1632 892 1700 merit0,
919 1633 1188 1701 tacitique
1214 1632 1461 1687 incidere
1482 1632 1702 1698 funem3

292 1718 583 1774 Verrimus
607 1722 664 1771 et
687 1719 849 1786 proni
878 1718 1218 1773 certantibus
1244 1734 1485 1788 aequora
1506 1719 1691 1773 remis.

282 1804 491 1873 Sensit,
522 1808 580 1857 et
603 1804 673 1858 ad
699 1806 944 1858 sonitum
968 1806 1123 1859 vocis
1148 1806 1384 1872 vestigia
1408 1806 1587 1860 torsit.

294 1894 502 1948 Verum
527 1895 624 1949 ubi
650 1894 802 1947 nulla
825 1894 989 1947 datur
1012 1892 1206 1946 dextra
1230 1892 1511 1946 adfectare
1534 1896 1795 1960 potestas,
2227 1892 2331 1949 670

294 1981 348 2033 N
350 1998 410 2035 ec
434 1982 584 2050 potis
605 1979 795 2034 Ionios
817 1980 1016 2034 fluctus
1039 1995 1277 2048 aequare
1300 1978 1598 2047 sequendo,

295 2068 601 2122 Clamorem
624 2067 953 2120 immensum
978 2065 1139 2135 tollit,
1169 2083 1277 2134 quo
1301 2070 1507 2135 pontus
1531 2069 1587 2118 et
1612 2082 1804 2120 omnes

297 2151 691 2206 Contremuere
714 2151 909 2219 undae,
937 2151 1266 2220 penitusque
1291 2150 1561 2204 exterrita
1584 2150 1749 2203 tellus

295 2239 497 2310 Italiae,
529 2242 820 2310 curvisque
842 2239 1119 2307 immugiit
1144 2237 1332 2292 Aetna
1355 2237 1622 2291 cavernis.

294 2327 374 2382 At
396 2345 568 2398 genus
592 2346 623 2382 e
647 2329 797 2382 silvis
822 2326 1129 2396 Cyelopum
1155 2329 1213 2379 et
1235 2324 1521 2379 montibus
1545 2324 1671 2378 altis
2225 2324 2293 2381 67
2294 2326 2327 2378 5

293 2412 549 2469 Excitum
575 2416 690 2469 ruit
714 2414 783 2470 ad
807 2418 1004 2483 portus
1029 2417 1086 2467 et
1106 2412 1276 2466 litora
1299 2410 1599 2480 complent.

295 2500 584 2556 Cernimus
606 2502 834 2556 astantis
855 2504 1190 2570 nequiquam
1212 2498 1424 2552 lumine
1447 2502 1612 2550 torvo

292 2586 578 2643 Aetnaeos
601 2589 820 2658 fratres,
849 2589 1001 2642 caelo
1022 2586 1205 2655 eapita
1228 2586 1342 2640 alta
1363 2585 1607 2652 ferentis,

294 2673 603 2729 Concilium
623 2675 992 2729 horrendum:
1034 2673 1222 2743 quales
1244 2688 1373 2727 cum
1396 2672 1606 2726 vertice
1630 2671 1777 2725 celso

291 2762 492 2815 Aeriae
519 2777 767 2831 quercuS,
796 2767 893 2816 aut
918 2763 1201 2817 coniferae
1227 2761 1495 2830 cyparissi
2224 2760 2328 2811 680

294 2847 694 2918 Constiterant,
723 2848 860 2903 silva
885 2849 1000 2904 alta
1024 2849 1187 2919 Iovis,
1215 2849 1442 2905 lucusve
1466 2847 1698 2901 Dianae.

291 2934 619 3004 Praecipitis
641 2940 820 2989 metus
844 2952 970 2990 acer
994 2936 1109 3004 agit
1132 2952 1478 3005 quocumque
1503 2933 1753 2988 rudentis

289 3020 580 3091 Excutere,
610 3026 667 3076 et
690 3023 875 3076 ventis
898 3022 1188 3076 intendere
1213 3023 1340 3077 vela
1364 3021 1635 3076 secundis.

294 3108 504 3164 Contra
525 3110 676 3163 iussa
697 3113 930 3163 monent
952 3109 1170 3179 Heleni,
1199 3108 1442 3177 Scyllam
1466 3113 1632 3178 atque
1658 3106 2000 3176 Charybdim

290 3192 445 3249 Inter
465 3199 764 3264 utramque
786 3195 933 3248 viam
955 3195 1055 3250 leti
1079 3196 1396 3250 discrimine
1419 3211 1591 3263 parvo
2223 3192 2326 3242 685

288 3280 345 3334 N
346 3282 367 3335 i
389 3286 621 3336 teneant
645 3286 1118 3336 cursus—certum
1143 3286 1228 3335 est
1252 3282 1385 3336 dare
1408 3282 1582 3336 lintea
1604 3285 1774 3335 retro,
1819 3324 1824 3329 .

284 3367 435 3424 Eece
458 3374 648 3423 autem
673 3367 887 3421 Boreas
910 3372 1143 3436 angusta
1167 3370 1236 3423 ab
1261 3368 1392 3422 sede
1415 3368 1601 3423 Pelori

282 3453 489 3510 mum
513 3453 690 3508 adest.
766 3451 917 3507 Vivo
939 3454 1335 3522 praetervehor
1358 3454 1501 3507 ostia
1524 3469 1659 3507 saxo

276 3535 595 3624 me
617 3538 983 3608 Megarosque
1006 3539 1156 3593 sinus
1180 3538 1566 3609 Thapsumque
1590 3538 1880 3591 iacentem.
