2725 3917
1000 253 1274 303 VERGILI
1318 254 1649 303 AENEIDOS
1692 254 1782 304 IV.

373 415 449 468 Te
474 417 702 483 propter
725 413 965 480 Libycae
990 418 1181 482 gentes
1205 412 1628 481 Nomadumque
1653 415 1876 480 tyranni

373 501 570 570 Odere,
598 500 801 554 infensi
827 500 1011 568 Tyrii3
1050 504 1108 553 te
1131 505 1360 569 propter
1386 500 1620 552 eundem

370 587 694 641 Exstinctus
711 586 893 656 pudor
916 590 989 655 et,
1021 602 1129 655 qua
1153 586 1270 639 sola
1294 586 1474 639 sidera
1498 585 1732 654 adibam,
1809 599 1820 662 g

370 674 541 728 Fama
564 675 755 743 prior..
807 673 910 727 Oui
933 690 1022 726 me
1047 672 1435 726 moribundam
1460 672 1680 741 deseris,
1708 672 1946 742 hospes?

372 761 495 815 Hoc
520 761 697 815 solum
721 777 921 814 nomen
947 760 1207 829 quoniam
1231 759 1300 829 de
1325 760 1558 826 coniuge
1580 763 1769 813 restat.

372 847 518 912 Quid
540 847 764 902 moror?
804 863 875 900 an
899 862 1023 900 mea
1046 845 1372 914 Pygmalion
1397 845 1528 898 dum
1552 846 1773 899 moenia
1795 846 1991 900 frater'

369 934 648 1003 Destruat,
679 938 775 988 aut
800 938 1019 1002 captam
1045 933 1211 986 ducat
1236 932 1504 986 Gaetulus
1528 931 1751 986 Iarbas?

370 1021 577 1075 Saltem
605 1022 651 1075 si
677 1038 784 1090 qua
807 1020 946 1073 mihi
963 1020 1031 1073 de
1057 1023 1113 1073 te
1137 1024 1391 1088 suscepta
1414 1020 1611 1072 fuisset

369 1108 522 1161 Ante
543 1109 733 1177 fugam
757 1107 988 1176 suboles,
1018 1106 1065 1160 si
1090 1106 1211 1174 quis
1233 1106 1369 1158 mihi
1393 1105 1653 1173 parvulus
1678 1105 1803 1160 aula

367 1194 609 1248 Luderet
631 1193 869 1261 Aeneas,
898 1194 991 1261 qui
1014 1196 1071 1245 te
1095 1196 1279 1244 tamen
1306 1208 1402 1244 ore
1425 1192 1676 1260 referret,

369 1280 501 1334 Non
525 1280 778 1348 equidem
806 1280 1034 1332 omnino
1060 1281 1222 1345 capta
1246 1293 1308 1330 80
1332 1277 1551 1331 deserta
1576 1278 1845 1332 viderer.''

436 1366 685 1422 Dixerat.
758 1365 860 1419 Ille
883 1363 1032 1419 Iovis
1055 1364 1282 1417 monitis
1304 1364 1538 1418 immota
1562 1366 1788 1419 tenebat

367 1454 618 1522 Lumina,
648 1457 704 1507 et
729 1453 964 1507 obnixus
988 1469 1170 1506 curam
1199 1452 1300 1505 sub
1325 1451 1492 1505 corde
1514 1453 1813 1520 premebat.

368 1541 613 1594 Tandem
636 1557 812 1610 pauca
834 1541 1041 1595 refert:
1087 1539 1256 1607 “Ego
1280 1543 1353 1607 te,
1384 1556 1523 1608 quae
1548 1540 1786 1609 plurima
1809 1539 1988 1594 fando-

363 1627 703 1682 Enumerare
728 1626 889 1695 vales,
917 1642 1231 1695 numquam,
1259 1624 1489 1694 Regina,
1518 1627 1731 1695 negabo

320 1715 339 1723 ‘
365 1714 731 1769 Promeritam
756 1735 769 1784 ;
809 1732 914 1769 nec
938 1732 1025 1770 me
1050 1714 1363 1769 meminisse
1388 1713 1601 1782 pigebit
1622 1713 1849 1783 Elissae,

363 1802 514 1855 Dum
534 1819 748 1872 memor
771 1803 889 1871 ipse
911 1803 1036 1871 mei,
1065 1802 1196 1855 dum
1223 1801 1446 1870 spiritus
1470 1800 1572 1853 hos
1596 1801 1737 1869 regit
1761 1806 1929 1855 artus,

361 1891 476 1946 Pro
500 1910 562 1947 re
584 1909 758 1962 pauca
779 1893 990 1962 loquar.
1065 1891 1260 1962 Neque
1285 1908 1389 1961 ego
1414 1893 1556 1945 hanc
1580 1890 1915 1944 abscondere
1940 1890 2095 1943 furto

366 1978 737 2048 Speravi—ne
763 1978 1180 2047 finge—fugam,
1210 1995 1313 2032 nec
1333 1978 1583 2046 coniugis
1606 1993 1866 2046 umquam

360 2064 658 2119 Praetendi
682 2064 871 2118 taedas
896 2069 990 2118 aut
1012 2065 1154 2117 haec
1177 2065 1237 2116 in
1261 2064 1488 2117 foedera
1510 2065 1656 2118 veni.
1759 2077 1769 2108 ³

362 2152 454 2207 Me
478 2154 524 2208 si
544 2154 663 2208 fata
686 2155 824 2208 meis
847 2158 1169 2223 paterentur
1194 2155 1393 2208 ducere
1420 2156 1592 2209 vitam

359 2237 638 2308 Auspiciis
662 2244 720 2293 et
743 2245 938 2308 sponte
960 2257 1084 2311 mea
1108 2257 1440 2310 componere
1465 2258 1638 2311 curaS‚

360 2324 570 2379 Urbem
607 2326 900 2380 Troianam
923 2327 1161 2395 primum
1188 2327 1468 2396 dulcisque
1491 2346 1742 2383 meorum

360 2411 641 2481 Reliquias
667 2413 921 2482 colerem,
950 2412 1158 2467 Priami
1175 2418 1326 2469 tecta
1350 2416 1462 2469 alta
1483 2419 1788 2485 manerent,

358 2496 434 2552 Et
458 2499 702 2554 recidiva
724 2517 893 2554 manu
917 2501 1221 2569 posuissem
1244 2501 1517 2570 Pergama
1538 2502 1718 2556 victiS.

359 2583 468 2637 Sed
493 2602 641 2640 nunc
665 2585 881 2641 Italiam
905 2604 1164 2656 magnam
1189 2588 1445 2657 Gryneus
1471 2589 1691 2658 Apollo,

359 2669 578 2725 Italiam
600 2672 800 2740 Lyciae
823 2673 1032 2727 iussere
1058 2691 1337 2742 capessere
1362 2680 1568 2741 sortes;

357 2754 464 2810 Hic
489 2774 658 2826 amor,
687 2759 824 2813 haec
849 2760 1029 2828 patria
1053 2766 1152 2813 est.
1228 2761 1287 2814 Si
1313 2766 1369 2814 te
1395 2761 1754 2830 Karthaginis
1779 2778 1946 2831 arceS,

355 2841 730 2912 Phoenissam,
758 2844 1102 2915 Libycaeque
1128 2851 1381 2914 aspectus
1405 2846 1618 2907 detinet
1642 2848 1807 2916 urbis,
1961 2834 1968 2841 ’

357 2927 510 2993 Quae
533 2929 772 2999 tandem,
802 2929 1052 2986 Ausonia
1077 2932 1315 2986 Teucros
1340 2934 1627 2987 considere
1649 2938 1815 3002 terra,

353 3014 574 3069 Invidia
597 3016 716 3070 est?
787 3015 861 3069 Et
885 3033 989 3071 nos
1011 3018 1096 3071 fas
1120 3023 1309 3073 extera
1333 3036 1596 3088 quaerere
1615 3036 1799 3088 regna.

351 3100 445 3155 Me
470 3102 645 3171 patris
668 3100 963 3171 Anchisae,
994 3104 1247 3173 quotiens
1270 3099 1586 3159 umentibus
1608 3107 1820 3160 umbris

352 3187 480 3242 Nox
507 3189 688 3258 operit
715 3194 903 3257 terras,
934 3191 1188 3258 quotiens
1215 3198 1362 3247 astra
1386 3192 1550 3260 ignea
1575 3197 1824 3261 surgunt,

350 3273 637 3330 Admonet
661 3276 717 3329 in
743 3276 948 3329 somnis
973 3280 1030 3329 et
1051 3278 1274 3332 turbida
1296 3284 1469 3332 terret
1492 3279 1676 3347 imago
1695 3297 1708 3347 ς

350 3360 440 3415 Me
464 3380 602 3431 puer
626 3363 899 3418 Ascanius
923 3362 1221 3432 capitisque
1244 3365 1446 3419 iniuria
1470 3365 1599 3433 cari,

353 3447 530 3512 Quem
554 3467 727 3519 regno
751 3450 1049 3520 Hesperiae
1067 3450 1267 3505 fraudo
1293 3456 1349 3505 et
1373 3452 1636 3505 fatalibus
1661 3453 1821 3506 arvis.

348 3532 406 3585 N
409 3551 515 3590 unc
538 3538 708 3592 etiam
730 3538 1002 3606 interpres
1027 3536 1230 3607 divom,
1258 3537 1391 3593 Iove
1416 3537 1611 3591 missus
1636 3539 1705 3592 ab
1728 3538 1925 3607 ipso—-

2302 421 2405 471 320

2299 852 2401 901 325

2296 1284 2400 1335 330

2291 1718 2393 1769 335

2287 2155 2391 2205 340

2283 2589 2385 2640 345

2280 3021 2382 3073 350

2277 3451 2380 3504 355
