2725 3917
976 249 1253 300 VERGILI
1295 249 1625 299 AENEIDOS
1667 250 1707 299 I.

320 410 455 464 Tum
481 410 698 464 foribus
722 409 897 478 divae,
928 410 1110 463 media
1133 410 1409 464 testudine
1433 410 1644 478 templi,
2248 411 2352 463 505

321 497 521 566 Saepta
545 496 717 550 armis
740 496 987 564 solioque
1012 496 1123 549 alte
1148 497 1382 550 subnixa
1405 497 1625 549 resedit.

320 582 450 636 Iura
473 583 643 637 dabat
664 582 921 651 legesque
948 583 1095 650 viris,
1123 599 1462 651 operumque
1486 582 1730 636 laborem

320 669 577 723 Partibus
601 670 876 737 aequabat
898 670 1069 736 iustiS,
1092 674 1188 722 aut
1211 677 1359 723 sorte
1385 670 1666 723 trahebat:

323 755 463 809 Cum
489 756 674 809 subito
700 756 919 808 Aeneas
943 771 1214 809 concursu
1240 755 1502 809 accedere
1528 771 1730 822 magno

321 842 546 896 Anthea
570 842 998 911 Sergestumque
1024 840 1175 895 videt
1197 841 1510 910 fortemque
1537 840 1893 909 Cloanthum,
2248 843 2355 895 510

322 928 764 997 Teucrorumque
789 928 943 998 alios,
972 933 1092 982 ater
1118 945 1254 998 quos
1280 945 1517 997 aequore
1541 928 1709 981 turbo

320 1015 637 1083 Dispulerat
660 1016 989 1084 penitusque
1015 1014 1151 1069 alias
1175 1021 1438 1069 avexerat
1463 1031 1605 1068 oras,

324 1102 606 1170 Obstipuit
628 1102 793 1155 simul
816 1103 935 1170 ipse
959 1101 1122 1155 simul
1146 1118 1439 1171 percussus
1459 1091 1706 1155 Achates

322 1188 662 1256 Laetitiaque
684 1193 976 1258 metuque;
1016 1187 1164 1242 avidi
1188 1189 1520 1256 coniungere
1544 1188 1766 1241 dextras

323 1274 641 1341 Ardebant;
682 1274 778 1328 sed
804 1292 891 1329 res
914 1276 1127 1329 animos
1150 1276 1434 1344 incognita
1457 1275 1662 1328 turbat.
2250 1275 2354 1326 515

324 1361 699 1430 Dissimulant,
729 1366 787 1415 et
811 1363 955 1415 nube
979 1379 1115 1416 cava
1140 1363 1492 1430 speculantur
1516 1362 1718 1428 amicti,

326 1448 477 1512 Quae
501 1449 732 1502 fortuna
755 1448 903 1515 viriS,
933 1448 1161 1502 classem
1183 1466 1292 1518 quo
1316 1449 1480 1502 litore
1506 1448 1772 1516 linquant,

326 1534 471 1599 Quid
494 1535 750 1588 veniant:
791 1536 1003 1589 cunctis
1027 1551 1156 1589 nam
1180 1536 1311 1589 lecti
1336 1536 1571 1589 navibus
1596 1536 1767 1602 ibant,

327 1621 563 1675 Orantes
587 1622 822 1690 veniam,
851 1628 907 1676 et
931 1624 1201 1691 templum
1225 1624 1466 1677 clamore
1491 1623 1768 1690 petebant.
1795 1655 1810 1670 .

393 1707 692 1776 Postquam
721 1709 1040 1777 introgressi
1066 1714 1123 1762 et
1145 1726 1333 1763 coram
1357 1709 1490 1762 data
1512 1710 1672 1777 copia
1694 1707 1862 1776 fandi,
2250 1707 2356 1759 520

326 1794 596 1848 Maximus
620 1794 862 1848 Ilioneus
885 1795 1099 1864 placido
1125 1797 1201 1849 sic
1226 1801 1453 1865 pectore
1479 1795 1692 1862 coepit:

329 1882 361 1910 ‘⁶
379 1881 426 1934 O
452 1880 680 1949 Regina,
709 1897 910 1934 novam
935 1882 1023 1935 cui
1048 1882 1285 1936 condere
1310 1882 1560 1949 Iuppiter
1583 1880 1777 1933 urbem

327 1967 649 2037 Iustitiaque
676 1967 829 2020 dedit
854 1969 1034 2036 gentis
1058 1969 1277 2022 frenare
1303 1967 1583 2035 superbas,

327 2053 494 2108 Troes
517 2058 574 2108 te
596 2054 803 2124 miseri,
831 2056 1012 2108 ventis
1037 2055 1212 2108 maria
1236 2055 1426 2108 omnia
1449 2054 1613 2119 vecti,

327 2139 578 2210 Oramus,
606 2142 838 2211 prohibe
864 2141 1123 2196 infandos
1141 2158 1175 2195 a
1197 2141 1433 2198 navibus
1455 2140 1614 2208 ignis,
2251 2140 2356 2192 525

326 2226 497 2282 Parce
521 2228 613 2297 pio
638 2229 842 2298 generi,
872 2234 926 2282 et
953 2229 1182 2297 propius
1205 2245 1294 2283 res
1315 2228 1500 2296 aspice
1524 2232 1758 2281 nostras.

327 2312 454 2368 Non
480 2331 584 2369 nos
609 2321 702 2369 aut
726 2316 880 2370 ferro
906 2314 1140 2383 Libycos
1163 2315 1429 2383 populare
1455 2313 1680 2366 Penatis

326 2400 614 2471 Venimus,
642 2407 739 2455 aut
762 2410 949 2471 raptas
973 2401 1043 2455 ad
1067 2402 1235 2455 litora
1258 2405 1475 2454 vertere
1501 2398 1765 2468 praedas3

327 2486 456 2542 Non
480 2505 548 2542 ea
571 2489 654 2542 vis
678 2489 878 2557 anime,
907 2505 1010 2543 nec
1035 2494 1192 2543 tanta
1217 2488 1473 2557 superbia
1500 2487 1674 2540 victis,

326 2572 425 2628 Est
447 2574 615 2643 locus,
642 2574 969 2644 Hesperiam
994 2575 1127 2628 Grai
1151 2575 1480 2642 cognomine
1504 2574 1713 2642 dicunt,
2252 2573 2357 2625 530

328 2659 495 2714 Terra
517 2661 759 2731 antiqua,
786 2666 988 2729 potens
1011 2660 1180 2714 armis
1205 2666 1374 2730 atque
1399 2661 1568 2713 ubere
1592 2660 1845 2728 glaeba03

330 2745 561 2801 Oenotri
585 2747 804 2802 coluere
829 2748 966 2814 viri3
1004 2763 1153 2801 nunc
1171 2748 1333 2817 fama,
1360 2747 1607 2800 minores

327 2833 545 2889 Italiam
568 2834 770 2888 dixisse
794 2833 948 2888 ducis
973 2834 1041 2887 de
1065 2834 1290 2888 nomine
1317 2837 1570 2901 gentem3

329 2921 433 2977 Hic
458 2938 651 2975 cursus
675 2921 813 2975 fuit:
844 2947 849 2954 ·

330 3007 469 3061 Cum
494 3008 677 3085 subito
703 3007 1004 3075 adsurgens
1026 3007 1196 3061 fluctu
1220 3006 1506 3061 nimbosus
1531 3005 1705 3062 Orion
2252 3006 2355 3057 535

328 3093 392 3146 In
417 3094 560 3149 vada
583 3111 747 3148 caeca
770 3094 912 3162 tulit,
943 3096 1269 3163 penitusque
1293 3093 1618 3162 procacibus
1643 3091 1843 3146 austris

329 3180 543 3251 Perque
568 3180 762 3248 undas,
790 3186 1087 3249 superante
1112 3181 1243 3248 salo,
1272 3196 1481 3247 perque
1504 3179 1656 3232 invia
1679 3194 1813 3232 saxa

327 3266 600 3337 Dispulit3
640 3267 752 3321 huc
776 3267 937 3335 pauci
960 3267 1159 3320 vestris
1184 3265 1503 3320 adnavimus
1527 3266 1655 3318 oris.

330 3351 491 3418 Quod
581 3370 686 3408 nus
710 3353 819 3407 hoc
842 3352 1167 3407 hominum?
1208 3367 1415 3421 quaeve
1440 3352 1585 3404 hunc
1610 3357 1725 3405 tam
1750 3350 1984 3405 barbara
2007 3365 2215 3403 morem

327 3438 513 3494 Penni
564 3440 610 3493 it
632 3440 851 3510 patria?
889 3439 1133 3509 hospitio
1157 3439 1516 3508 prohibemur
1539 3437 1805 3504 harenae3
2253 3434 2355 3484 540

326 3523 487 3586 Bdh
506 3527 672 3596 cient,
700 3526 986 3597 primaque
1011 3530 1202 3581 vetant
1226 3525 1525 3580 consistere
1550 3528 1713 3578 terra.

1613 2897 1632 2942 Ἦ
