2725 3917
921 267 1198 318 VERGILI
1241 268 1573 319 AENE'IDOS
1615 268 1710 320 111.

303 432 518 487 Troiam
543 429 773 486 animis:
812 435 1035 485 maneat
1056 434 1283 484 nostros
1305 446 1372 484 ea
1395 446 1528 484 cura
1551 430 1837 500 nepotes.”
2228 434 2333 486 505

368 518 736 573 Provehimur
758 517 955 586 pelago
980 517 1163 570 vicina
1187 516 1464 571 Ceraunia
1485 517 1660 585 iuxta,

301 604 462 658 Unde
483 604 593 658 iter
617 604 832 658 Italiam
857 620 1157 672 cursusque
1182 603 1539 658 brevissimus
1563 604 1742 658 undis.

300 691 393 746 Sol
416 692 532 744 ruit
554 691 770 744 interea
792 695 849 743 et
873 695 1091 743 montes
1114 690 1448 744 umbrantur
1473 690 1649 759 opaci.

301 776 610 831 Sternimur
635 780 859 847 optatae
883 776 1095 844 gremio
1121 775 1337 830 telluris
1362 776 1434 830 ad
1458 777 1678 846 undam,

301 863 498 917 Sortiti
521 878 720 931 remos,
746 863 1059 933 passimque
1083 862 1142 916 in
1168 863 1332 916 litore
1356 864 1506 917 sicco
2229 869 2335 921 510

302 950 549 1018 Corpora
570 966 825 1004 curamus
844 969 858 1017 3
897 950 1074 1003 fessos
1096 966 1264 1019 sopor
1286 950 1493 1019 inrigat
1516 956 1685 1006 artus.

299 1035 552 1090 Necdum
579 1036 769 1090 orbem
794 1035 1037 1090 medium
1063 1035 1191 1090 Nox
1218 1036 1387 1090 Horis
1410 1040 1533 1091 acta
1557 1038 1810 1093 subibat:

299 1120 465 1176 Haud
489 1122 671 1189 segnis
695 1125 873 1176 strato
896 1121 1072 1189 surgit
1094 1120 1390 1175 Palinurus
1415 1128 1472 1175 et
1496 1123 1677 1176 omnis

299 1207 567 1277 Explorat
592 1212 803 1277 ventos,
833 1212 998 1276 atque
1022 1207 1249 1262 auribus
1272 1215 1405 1262 aera
1427 1214 1644 1278 captat;

301 1295 492 1349 Sidera
514 1299 716 1348 cuncta
738 1299 896 1349 notat
919 1294 1093 1349 tacito
1115 1294 1362 1349 labentia
1385 1295 1555 1364 caelo,
2228 1302 2333 1354 515

298 1382 604 1436 Arcturum
628 1381 949 1451 pluviasque
974 1381 1201 1449 Hyadas
1222 1383 1580 1452 geminosque
1603 1382 1849 1455 Triones,

300 1468 701 1537 Armatumque
725 1484 861 1523 auro
885 1468 1256 1538 circumspicit
1281 1469 1508 1523 Oriona.

297 1558 602 1626 Postquam
627 1560 826 1610 cuncta
848 1554 1001 1609 videt
1025 1555 1178 1611 caelo
1203 1563 1458 1611 constare
1482 1573 1695 1625 sereno,

299 1644 410 1699 Dat
433 1644 642 1700 clarum
670 1662 701 1699 e
725 1645 898 1715 puppi
921 1646 1170 1714 signum3
1210 1662 1315 1700 nos
1336 1651 1520 1700 castra
1543 1662 1846 1716 movemus,

299 1731 757 1802 Temptamusque
782 1733 929 1787 viam
954 1737 1011 1787 et
1034 1733 1287 1787 velorum
1311 1733 1605 1801 pandimus
1628 1733 1760 1787 alas.
2223 1737 2331 1788 520

299 1818 523 1889 Iamque
547 1819 876 1874 rubescebat
898 1819 1070 1873 stellis
1093 1818 1317 1873 Aurora
1340 1819 1561 1888 fugatiS,

301 1909 439 1963 Cum
463 1910 654 1979 procul
679 1911 941 1965 obscuros
964 1910 1119 1964 collis
1142 1908 1519 1977 humilemque
1545 1907 1795 1962 videmus

300 1996 531 2052 Italiam.
607 1996 826 2051 Italiam
852 1997 1062 2066 primus
1086 1995 1396 2051 conclamat
1421 1994 1682 2064 Achate&

299 2083 514 2139 Italiam
538 2085 686 2140 laeto
709 2085 843 2139 socii
868 2085 1108 2139 clamore
1133 2085 1390 2138 salutant.

299 2169 433 2225 Tum
458 2177 617 2241 pater
639 2171 914 2229 Anchises
936 2186 1193 2240 magnum
1220 2176 1438 2226 cratera
1460 2187 1665 2226 corona
2227 2176 2331 2228 525

300 2257 486 2313 Induit
510 2259 867 2329 implevitque
890 2275 1061 2328 merc,
1090 2259 1356 2329 divosque
1383 2259 1604 2314 vocavit

298 2344 460 2400 Stans
484 2346 632 2400 celsa
652 2347 711 2399 in
736 2347 936 2416 puppi:

301 2434 335 2462 ‘⁴
351 2433 425 2488 Di
449 2436 618 2489 maris
643 2440 700 2489 et
723 2439 904 2490 terrae
928 2439 1431 2505 tempestatumque
1455 2440 1730 2503 potentes,

294 2519 459 2575 Ferte
484 2522 633 2576 viam
660 2527 832 2577 vento
854 2522 1075 2577 facilem
1100 2527 1157 2577 et
1181 2523 1388 2591 spirate
1411 2521 1693 2576 secundi.”

296 2606 668 2663 Crebrescunt
692 2614 914 2680 optatae
938 2626 1117 2678 aurae,
1145 2615 1448 2679 portusque
1473 2612 1708 2679 patescit
2224 2613 2330 2667 530

292 2692 412 2749 Iam
436 2696 680 2766 propior,
711 2696 1084 2767 templumque
1121 2702 1349 2767 apparet
1374 2699 1434 2750 in
1460 2714 1584 2752 arce
1608 2698 1908 2753 Minervae.

295 2780 438 2837 Vela
459 2782 656 2851 legunt
681 2784 834 2852 socii,
864 2788 923 2838 et
945 2800 1138 2852 proras
1162 2785 1231 2839 ad
1257 2784 1425 2839 litora
1447 2789 1727 2853 torquent.

292 2868 498 2924 Portus
523 2869 594 2924 ab
618 2869 807 2924 Euroo
830 2869 1002 2924 fluctu
1027 2876 1288 2926 curvatus
1309 2872 1371 2925 in
1396 2888 1616 2938 arcum3

293 2956 558 3011 Obiectae
583 2956 729 3011 salsa
752 2961 1013 3025 spumant
1036 2958 1328 3027 aspargine
1352 2964 1571 3024 cautes;

289 3043 416 3113 Ipse
439 3043 610 3113 latet;
651 3044 876 3112 gemino
899 3043 1200 3098 demittunt
1223 3046 1482 3101 bracchia
1503 3062 1665 3100 muro
2226 3049 2330 3100 535

290 3131 499 3187 Turriti
525 3132 754 3201 scopuli,
783 3132 1095 3201 refugitque
1119 3132 1189 3188 ab
1213 3134 1379 3187 litore
1409 3133 1693 3202 templum.

289 3218 570 3284 Quattuor
593 3219 703 3287 hic,
732 3220 971 3288 primum
997 3237 1176 3287 omen,
1206 3237 1376 3288 equos
1399 3220 1458 3274 in
1482 3221 1735 3288 gramine
1762 3220 1876 3273 vidi

287 3304 594 3361 Tondentis
620 3322 879 3374 campum
901 3306 1029 3374 late,
1059 3307 1296 3362 candore
1319 3307 1508 3362 nivali.

283 3391 363 3448 Et
382 3398 545 3464 pater
568 3393 877 3447 Anchises:
924 3394 958 3422 ‘⁶
975 3393 1205 3461 Bellum,
1236 3409 1270 3447 o
1294 3398 1447 3449 terra
1470 3394 1707 3463 hospita,
1735 3397 1958 3462 portas3

284 3477 445 3536 Bello
471 3483 765 3535 armantur
790 3481 932 3548 equi,
960 3480 1165 3534 bellum
1189 3479 1329 3535 haec
1353 3486 1606 3536 armenta
1629 3480 1927 3534 minantur.
2226 3482 2331 3535 540

276 3561 403 3626 ffl
418 3573 615 3626 tamen
638 3566 790 3621 idem
818 3565 949 3619 olim
975 3583 1142 3621 curru
1168 3568 1461 3623 succedere
1485 3567 1629 3622 sueti
