2725 3917
974 237 1250 288 VERGILI
1295 237 1430 286 AEN
1435 236 1623 285 EIDOS
1670 235 1733 285 V.

337 399 544 454 Creber
570 404 627 453 et
651 399 900 468 aspirans
926 416 1116 452 rursus
1138 403 1304 453 vocat
1329 398 1538 451 Auster
1563 398 1622 450 in
1650 397 1840 449 altum.

334 485 598 539 Exoritur
622 502 897 554 procurva
920 487 1115 554 ingens
1138 502 1238 554 per
1262 485 1429 538 litora
1452 483 1646 550 fletus3

339 572 627 641 Complexi
654 573 802 625 inter
827 589 885 626 se
909 577 1241 640 noctemque
1267 571 1524 639 diemque
1547 574 1851 623 morantur.

336 659 494 728 Ipsae
518 660 628 713 iam
653 663 873 728 matres,
902 659 1024 728 ipsi,
1056 659 1254 728 quibus
1278 674 1473 726 aspera
1498 656 1772 725 quondam

337 746 477 800 Visa
500 747 667 799 maris
692 746 862 799 facies
888 754 947 800 et
971 762 1085 799 non
1112 744 1402 799 tolerabile
1426 760 1646 812 nomen,

336 833 426 886 Ire
454 832 662 901 volunt,
695 849 1023 902 omnemque
1048 834 1209 901 fugae
1233 834 1482 900 perferre
1503 831 1766 885 laborem.

338 920 488 985 Quos
511 921 690 973 bonus
716 921 938 974 Aeneas
964 919 1127 973 dictis
1154 920 1359 974 solatur
1389 919 1593 986 amicis,

335 1006 411 1059 Et
437 1007 846 1076 consanguineo
870 1007 1162 1061 lacrimans
1188 1006 1538 1061 commendat
1562 1005 1816 1059 Acestae.

335 1093 458 1146 Tris
481 1093 648 1162 Eryci
672 1094 877 1148 vitulos
901 1100 958 1148 et
984 1093 1428 1162 Tempestatibus
1454 1108 1650 1161 agnam

338 1179 580 1234 Caedere
605 1181 804 1233 deinde
828 1181 997 1246 iubet,
1029 1179 1273 1247 solvique
1301 1195 1370 1231 ex
1398 1179 1590 1232 ordine
1616 1181 1829 1232 funem.

336 1265 476 1334 Ipse,
507 1272 670 1335 caput
694 1272 886 1321 tonsae
910 1267 1061 1319 foliis
1087 1266 1342 1319 evinctus
1367 1265 1558 1334 olivae,

337 1353 501 1405 Stans
525 1353 718 1421 procul
741 1354 797 1406 in
825 1370 991 1422 prora
1014 1359 1262 1422 pateram
1293 1358 1463 1416 tenet,
1497 1358 1731 1422 extaque
1751 1353 1928 1408 'salsos

336 1438 576 1493 Porrioit
601 1440 655 1492 in
682 1440 882 1494 fluctus
907 1457 970 1494 ac
997 1440 1126 1494 vina
1150 1441 1419 1509 liquentia
1443 1440 1639 1493 fundit.

337 1526 694 1595 Prosequitur
721 1544 949 1596 surgens
974 1544 1007 1581 a
1029 1529 1200 1597 puppi
1224 1528 1404 1582 ventis
1429 1527 1640 1594 euntis;
1723 1539 1734 1572 ἐ
1765 1543 1778 1564 ¹

339 1613 606 1667 Certatim
633 1615 762 1668 socii
788 1615 995 1667 feriunt
1019 1632 1169 1668 mare
1197 1619 1253 1668 et
1278 1605 1517 1683 aequora
1543 1619 1790 1668 verrunt.

412 1701 487 1754 At
512 1701 705 1756 Venus
729 1702 943 1755 interea
964 1701 1284 1770 Neptunum
1312 1701 1553 1755 exercita
1577 1701 1723 1754 curis

338 1787 689 1858 Adloquitur,
719 1789 952 1858 talisque
976 1789 1211 1843 effundit
1235 1795 1461 1859 pectore
1493 1792 1745 1857 questus:

342 1876 374 1905 ‘⁶
391 1868 620 1930 Iunonis
645 1878 827 1945 gravis
850 1878 934 1930 ira
957 1893 1061 1931 nec
1086 1876 1454 1931 exsaturabile
1481 1880 1675 1944 pectus

339 1962 558 2031 Cogunt
584 1981 686 2031 me,
718 1963 991 2033 Neptune,
1021 1981 1213 2032 preces
1238 1964 1569 2018 descendere
1593 1963 1651 2015 in
1678 1961 1887 2028 omnis3

339 2050 516 2114 Quam
544 2067 646 2103 nec
668 2051 835 2119 longa
859 2052 990 2118 dies,
1018 2052 1195 2119 pietas
1221 2067 1322 2105 nec
1347 2051 1564 2118 mitigat
1592 2049 1716 2116 ulla,

337 2134 455 2188 Nec
480 2135 629 2188 Iovis
653 2136 886 2205 imperio
911 2137 1147 2205 fatisque
1171 2138 1406 2192 infracta
1432 2141 1676 2208 quiescit.

337 2222 464 2275 Non
492 2222 672 2276 media
696 2223 764 2275 de
788 2228 954 2290 gente
976 2223 1259 2291 Phrygum
1285 2225 1533 2281 exedisse
1558 2229 1810 2284 nefandis

337 2308 546 2362 Urbem
574 2309 715 2363 odiis
739 2310 873 2363 satis
897 2314 995 2377 est,
1024 2326 1129 2363 nec
1151 2326 1383 2378 poenam
1412 2321 1573 2368 traxe
1595 2332 1696 2384 per
1723 2333 1977 2385 omnem3

336 2395 616 2464 Reliquias
639 2395 849 2463 Troiae,
877 2397 1089 2451 cineres
1112 2401 1277 2465 atque
1303 2416 1426 2453 ossa
1454 2408 1773 2472 peremptae

338 2483 664 2551 Insequitur.
742 2483 947 2537 Causas
970 2485 1112 2537 tanti
1138 2486 1273 2539 sciat
1301 2486 1396 2540 illa
1421 2489 1643 2543 furoris.

337 2569 461 2637 Ipse
487 2570 623 2622 mihi
647 2587 824 2639 nuper
848 2571 1065 2639 Libycis
1089 2576 1150 2626 tu
1180 2574 1337 2628 testis
1363 2576 1422 2628 in
1448 2576 1610 2630 undis

339 2655 515 2719 Quam
545 2657 743 2709 molem
769 2658 951 2712 subito
977 2651 1237 2714 excierit:
1284 2663 1457 2715 maria
1484 2665 1670 2718 omnia
1694 2664 1848 2718 caelo

337 2740 576 2809 Miscuit,
605 2742 819 2795 Aeoliis
841 2746 1171 2813 nequiquam
1200 2747 1344 2800 freta
1369 2749 1638 2818 procelliS,

337 2827 404 2880 In
429 2828 611 2895 regnis
635 2828 742 2881 hoc
768 2846 900 2883 ausa
921 2831 1046 2884 tuis.

335 2914 445 2967 Per
471 2913 648 2967 scelus
667 2930 792 2968 ecce
818 2916 984 2970 etiam
1010 2917 1260 2972 Troianis
1284 2922 1556 2976 matribus
1580 2924 1722 2977 actis

335 2999 556 3054 Exussit
579 3001 738 3054 foede
762 3004 977 3072 puppis,
1009 3010 1066 3058 et
1091 3005 1261 3060 classe
1286 3008 1507 3076 subegit

334 3087 555 3142 Amissa
581 3088 759 3142 socios
783 3090 1006 3157 ignotae
1029 3091 1279 3161 linquere
1301 3099 1502 3149 terrae.

337 3174 497 3239 Quod
523 3181 788 3244 superest,
819 3193 933 3245 01¹0,
962 3177 1123 3231 liceat
1147 3180 1277 3233 dare
1301 3187 1427 3235 tuta
1450 3198 1549 3251 per
1574 3183 1747 3236 undas

340 3261 478 3315 Vela
503 3263 623 3331 tibi,
651 3262 814 3317 liceat
840 3263 1170 3318 Laurentem
1201 3269 1474 3334 attingere
1499 3268 1783 3337 Thybrim,

336 3348 393 3400 Si
418 3365 678 3403 concessa
702 3355 847 3419 peto,
877 3351 920 3403 si
948 3350 1082 3403 dant
1105 3368 1170 3405 ea
1195 3355 1414 3407 moenia
1438 3355 1698 3409 Parcae.”

335 3433 471 3487 Tum
498 3435 788 3489 Saturnius
806 3422 942 3490 haec
966 3435 1210 3490 domitor
1232 3440 1402 3493 maris
1427 3441 1601 3495 edidit
1625 3442 1751 3495 alti:

340 3519 376 3549 ‘⁴
394 3519 500 3574 Fas
524 3538 687 3576 omne
713 3527 812 3592 est,
841 3522 1133 3592 Cytherea,
1162 3525 1299 3577 meis
1324 3530 1381 3578 te
1406 3525 1575 3579 fidere
1600 3529 1797 3595 regnis,

2265 482 2368 539 '765

2267 918 2372 974 '770

2266 1787 2371 1845 '780

2265 2230 2298 2286 7
2300 2232 2368 2285 85

2266 2663 2370 2721 '790

2263 3098 2366 3155 795

2261 3534 2370 3585 800
