2725 3917
881 265 1158 315 VERGILI
1200 261 1532 314 AENEIDOS
1574 264 1692 314 Vn.

298 429 479 497 Litora,
508 426 733 498 pinguis
756 425 850 479 ubi
876 430 933 479 et
957 426 1243 494 placabilis
1267 442 1363 480 ara
1386 425 1615 479 Dianae.

298 515 529 584 Namque
552 515 745 567 ferunt
768 499 917 566 fama
941 512 1319 580 Hippolytum,
1348 516 1642 580 postquam
1668 516 1788 565 arte
1811 526 2081 565 novercae
2204 509 2305 565 ’765

300 602 556 656 Occiderit
579 600 895 669 patriasque
920 598 1155 667 explerit
1180 599 1446 666 sanguine
1466 614 1673 666 poenas

298 688 534 741 Turbatis
558 687 857 740 distractus
881 687 1050 754 equis,
1081 685 1151 739 ad
1176 686 1357 738 sidera
1380 701 1572 738 rursus

298 774 544 828 Aetheria
568 781 625 825 et
648 788 873 841 superas
895 770 1035 825 caeli
1057 772 1275 825 venisse
1298 772 1401 825 sub
1429 788 1606 839 auras,

297 861 533 915 Paeoniis
556 862 880 912 revocatum
904 858 1094 911 herbis
1119 862 1177 911 et
1202 874 1390 911 amore
1415 858 1644 912 Dianae.

296 948 417 1000 Tum
440 946 608 1000 Pater
632 945 997 1013 omnipotenS‚
1021 945 1255 1013 aliquem
1279 945 1598 1013 indignatus
1621 945 1691 998 ab
1714 943 1924 998 umbris
2205 943 2239 999 ’7
2242 944 2310 999 ’70

295 1033 570 1087 Mol-talem
596 1031 832 1085 infernis
857 1031 926 1085 ad
949 1031 1159 1084 lumina
1185 1048 1408 1099 surgere
1434 1032 1599 1101 vitae,

296 1120 407 1189 Ipse
428 1125 768 1188 repertorem
798 1118 1107 1172 medicinae
1135 1117 1262 1172 talis
1286 1124 1342 1172 et
1368 1119 1504 1172 artis

293 1206 530 1259 Fulmine
554 1205 965 1274 Phoebigenam
994 1204 1210 1273 Stygias
1234 1205 1470 1258 detrusit
1496 1206 1566 1259 ad
1589 1205 1780 1260 undas·

293 1293 367 1346 At
388 1293 572 1346 Trivia
597 1287 959 1360 Hippolytum
986 1292 1211 1344 secretis
1236 1291 1381 1345 alma
1403 1292 1656 1346 recondit

291 1379 530 1449 Sedibus,
558 1385 615 1434 et
638 1380 914 1448 nymphae
936 1379 1167 1447 Egeriae
1191 1379 1512 1447 nemorique
1535 1380 1760 1447 relegat,
2208 1376 2243 1432 ’7
2245 1376 2276 1432 ’7
2280 1379 2311 1429 5

292 1465 443 1519 Solus
463 1466 561 1518 ubi
588 1466 648 1519 in
672 1466 825 1519 silvis
848 1465 1001 1518 Italis
1024 1465 1282 1532 ignobilis
1306 1482 1499 1518 aevum

287 1553 557 1621 Exigeret,
587 1570 852 1622 versoque
877 1554 970 1607 ubi
996 1554 1216 1607 nomine
1244 1553 1474 1608 Virbius
1499 1560 1659 1606 esset.

287 1639 442 1694 Unde
466 1642 631 1694 etiam
657 1639 865 1708 templo
890 1640 1105 1694 Triviae
1128 1641 1375 1709 lucisque
1393 1641 1620 1694 sacratis

290 1726 625 1795 Cornipedes
650 1730 907 1779 arcentur
931 1728 1072 1795 equi,
1103 1728 1244 1795 quod
1272 1727 1435 1780 litore
1461 1728 1678 1781 currum

284 1813 358 1867 Et
382 1813 634 1867 iuvenem
660 1814 922 1867 monstris
939 1814 1126 1882 pavidi
1149 1813 1394 1868 effudere
1416 1815 1661 1867 marinis.
2212 1811 2313 1866 ’780

284 1904 455 1958 Filius
479 1904 723 1960 ardentis
746 1905 894 1959 haud
920 1908 1089 1960 setius
1115 1923 1351 1976 aequore
1377 1906 1553 1973 campi

282 1993 592 2048 Exercebat
616 2009 788 2062 equos
812 2010 1083 2062 curruque
1108 1996 1165 2047 in
1191 1994 1336 2048 bella
1360 1993 1570 2046 ruebat.

349 2080 479 2149 Ipse
501 2081 651 2133 inter
674 2080 884 2147 primos
906 2081 1208 2147 praestanti
1233 2096 1464 2149 corpore
1489 2079 1706 2132 Turnus

280 2166 542 2221 Vertitur
570 2182 723 2220 arma
746 2170 957 2234 tenens,
988 2171 1045 2219 et
1069 2172 1193 2220 toto
1219 2171 1425 2225 vertice
1450 2189 1617 2241 supra
1642 2174 1740 2223 est.

279 2256 384 2311 Cui
409 2258 615 2327 triplici
642 2258 844 2312 crinita
868 2259 997 2312 iuba
1022 2258 1179 2327 galea
1203 2259 1314 2313 alta
1339 2260 1691 2313 Chimaeram
2212 2253 2314 2309 '785
2357 2303 2368 2313 .

278 2341 548 2411 Sustinet,
579 2341 859 2397 Aetnaeos
886 2343 1161 2397 efflantem
1187 2345 1707 2412 faucibusignis1—

276 2427 414 2483 Tam
432 2429 611 2497 magis
636 2429 729 2483 illa
752 2430 991 2483 fremens
1018 2435 1074 2483 et
1101 2431 1351 2485 tristibus
1377 2432 1545 2484 effera
1568 2429 1819 2498 fiammis,

276 2515 461 2581 Quam
487 2516 664 2584 magis
690 2516 863 2569 effuso
889 2516 1218 2570 crudescunt
1244 2518 1506 2585 sanguine
1530 2532 1762 2585 pugnae.

270 2601 357 2656 At
381 2603 567 2657 levem
596 2602 832 2670 clipeum
862 2603 1089 2656 sublatis
1116 2604 1372 2657 cornibus
1396 2603 1461 2656 Io

268 2688 439 2744 Auro
465 2689 781 2758 insignibat,
810 2689 918 2742 iam
947 2690 1113 2743 saetis
1139 2690 1333 2756 obsita,
1354 2690 1467 2743 iam
1492 2690 1609 2757 bos,
2214 2684 2318 2742 ’790

267 2775 692 2845 Argumentum
717 2776 927 2842 iugem,
956 2779 1013 2828 et
1037 2781 1221 2829 custos
1246 2776 1474 2843 virginis
1495 2776 1692 2844 Argus,

269 2862 618 2932 anlataque
642 2879 860 2916 amnem
883 2862 1124 2917 fundens
1145 2868 1305 2932 pater
1329 2863 1567 2917 Inachus
1591 2873 1747 2918 uma.

265 2947 599 3018 Insequitur
624 2949 845 3002 nimbus
869 2949 1133 3017 peditum,
1164 2950 1502 3018 clipeataque
1527 2950 1661 3002 totis

266 3034 525 3103 Agmina
549 3035 853 3090 densentur
878 3036 1097 3104 campis,
1127 3035 1448 3105 Argivaque
1471 3036 1646 3104 pubes

263 3121 689 3190 Auruncaeque
715 3137 925 3190 manus,
955 3122 1147 3175 Rutuli
1174 3127 1497 3191 veteresque
1522 3121 1703 3176 Sicani
2216 3118 2317 3174 ’795

262 3206 345 3260 Et
372 3208 651 3262 Sacranae
680 3208 826 3262 acies
851 3212 907 3260 et
931 3209 1068 3276 picti
1095 3213 1252 3262 scuta
1276 3208 1495 3274 Labici3

264 3293 384 3358 Qui
411 3294 604 3361 saltus,
634 3293 911 3356 Tiberine,
939 3299 1080 3360 tuos,
1110 3311 1437 3363 sacrumque
1462 3294 1686 3349 Numici

261 3378 434 3435 Litus
460 3385 637 3449 arant,
669 3380 1018 3448 Rutulosque
1042 3385 1307 3434 exercent
1331 3397 1556 3434 vomere
1582 3380 1751 3446 collis,

264 3465 683 3536 Circaeumque
707 3467 916 3534 iugum,
946 3468 1066 3534 quis
1091 3467 1342 3535 Iuppiter
1369 3466 1633 3519 Anxurus
1658 3466 1802 3519 arvis

259 3550 579 3623 Praesidet,
610 3558 669 3608 et
693 3552 861 3606 viridi
885 3553 1131 3620 gaudens
1154 3552 1394 3606 Feronia
1416 3551 1575 3619 luco;
2215 3552 2318 3601 800
