2725 3917
1056 243 1329 293 VERGILI
1376 243 1702 294 AENEIDOS
1745 244 1784 294 1.

401 406 621 475 Egressi
649 410 837 473 optata
860 405 1151 474 potiuntur
1178 404 1344 458 Troes
1367 406 1575 459 harena

401 493 476 546 Et
501 493 610 545 sale
635 493 878 545 tabentis
904 497 1053 545 artus
1077 492 1134 544 in
1161 491 1323 544 litore
1349 498 1584 559 ponunt.

403 579 488 632 Ac
514 579 748 645 primum
778 577 916 642 silici
941 577 1231 630 scintillam
1259 578 1483 631 excudit
1509 578 1753 631 Achates

403 664 761 733 Suscepitque
784 664 963 732 ignem
990 664 1135 719 foliis
1161 668 1324 732 atque
1351 664 1504 717 arida
1530 664 1736 718 circum

402 750 757 804 Nutrimenta
784 750 938 803 dedit
962 752 1250 819 rapuitque
1276 750 1334 802 in
1360 752 1554 804 fomite
1580 750 1874 804 flammam.

402 837 541 890 Tum
569 837 827 890 Cererem
852 843 1169 906 corruptam
1194 837 1357 890 undis
1388 837 1743 906 Cerealiaque
1770 853 1924 891 arma

401 923 719 992 Expediunt
741 924 872 977 fessi
899 941 1100 992 rerum,
1129 925 1427 993 frugesque
1454 929 1704 992 receptas

401 1010 476 1063 Et
499 1016 711 1064 torrere
737 1015 934 1079 parant
957 1010 1192 1064 flammis
1216 1016 1273 1065 et
1297 1013 1554 1078 frangere
1580 1027 1725 1064 saxo,

472 1098 691 1151 Aeneas
716 1097 998 1165 scopulum
1024 1098 1236 1149 interea
1259 1096 1581 1149 conscendit
1606 1102 1662 1150 et
1687 1112 1906 1150 omnem

402 1183 759 1251 Prospectum
786 1183 897 1236 late
922 1183 1114 1250 pelago
1141 1182 1300 1251 petit,
1335 1183 1556 1237 Anthea
1580 1184 1624 1236 si
1650 1200 1815 1252 quem

403 1269 672 1323 laetatum
701 1274 869 1322 vento
899 1268 1081 1322 videat
1104 1268 1483 1337 Phrygiasque
1511 1270 1749 1337 biremis,

403 1355 524 1409 Aut
549 1355 755 1424 Capyn,
786 1362 880 1408 aut
905 1355 1065 1409 celsis
1088 1356 1146 1408 in
1170 1357 1448 1424 puppibus
1473 1373 1626 1410 arma
1651 1357 1816 1410 Caici.

404 1441 617 1496 Navem
642 1443 700 1495 in
726 1448 1022 1510 conspectu
1048 1442 1270 1510 nullam,
1297 1444 1401 1495 tris
1422 1443 1584 1496 litore
1609 1459 1805 1496 cervos

404 1528 676 1596 Prospicit
701 1529 966 1588 errantis:
1010 1528 1110 1581 hos
1135 1534 1257 1582 tota
1282 1534 1532 1582 armenta
1557 1533 1861 1597 sequuntur

404 1614 458 1666 A
484 1619 656 1682 terg0,
687 1621 744 1668 et
768 1615 990 1683 longum
1022 1632 1119 1684 per
1145 1615 1303 1669 vallis
1328 1615 1571 1683 pascitur
1596 1631 1810 1682 agmen.

405 1700 671 1754 Constitit
695 1701 798 1766 hic,
828 1717 1124 1770 arcumque
1147 1718 1316 1754 manu
1342 1702 1640 1770 celerisque
1664 1701 1892 1768 sagittas

405 1786 700 1856 Corripuit,
730 1787 872 1841 fidus
899 1804 1037 1856 quae
1064 1788 1173 1842 tela
1196 1788 1425 1856 gerebat
1452 1787 1710 1855 Achates,

404 1872 781 1943 Ductoresque
805 1875 954 1944 ipsos
979 1875 1232 1944 primum,
1264 1876 1447 1942 capita
1472 1875 1583 1928 alta
1607 1874 1834 1928 ferentis

406 1958 678 2014 Cornibus
704 1962 965 2029 arboreiS,
994 1962 1206 2029 sternit,
1237 1965 1357 2013 tum
1386 1960 1594 2028 volguS,
1624 1966 1681 2014 et
1706 1977 1926 2014 omnem

404 2045 600 2100 Miscet
625 2064 790 2115 agens
815 2047 941 2100 telis
967 2063 1192 2100 nemora
1216 2047 1364 2098 inter
1389 2046 1620 2100 frondea
1649 2048 1897 2114 turbam3

404 2131 457 2184 N
462 2149 523 2185 cc
549 2134 700 2200 prius
726 2133 953 2198 absistit,
985 2148 1147 2200 quam
1173 2136 1386 2199 septem
1411 2132 1657 2201 ingentia
1686 2134 1860 2187 victor

406 2219 654 2288 Corpora
677 2221 879 2275 fundat
901 2222 1056 2274 humi
1082 2226 1138 2274 et
1162 2236 1454 2272 numerum
1479 2236 1601 2272 cum
1629 2220 1861 2272 navibus
1886 2223 2099 2287 aequet.

406 2306 553 2359 Hinc
577 2311 800 2374 portum
824 2309 980 2375 petit,
1011 2312 1067 2360 et
1092 2306 1268 2360 socios
1295 2305 1533 2373 partitur
1558 2307 1616 2358 in
1645 2307 1841 2359 omnis,

407 2391 557 2445 Vina
580 2393 758 2445 bonus
784 2410 921 2462 quae
946 2393 1145 2446 deinde
1170 2392 1320 2446 cadis
1347 2400 1603 2445 onerarat
1633 2391 1862 2445 Acestes

404 2477 589 2532 Litore
616 2479 899 2533 Trinacrio
925 2479 1260 2547 dederatque
1287 2479 1615 2531 abeuntibus
1638 2478 1819 2546 herOS,

403 2564 636 2635 Dividit,
666 2572 720 2620 et
747 2565 907 2620 dictis
930 2566 1234 2620 maerentia
1258 2569 1484 2633 pectora
1509 2564 1745 2619 mulcet:

408 2653 440 2680 “
459 2654 506 2706 O
533 2654 913 2720 socii-neque
938 2652 1080 2705 enim
1108 2653 1282 2720 ignari
1311 2669 1497 2704 sumus
1522 2659 1651 2704 ante
1677 2652 2018 2705 malorum—-

406 2738 454 2791 O
479 2741 624 2807 passi
650 2740 918 2806 graviora,
948 2738 1103 2792 dabit
1127 2739 1260 2792 deus
1285 2738 1373 2791 his
1399 2754 1615 2807 quoque
1640 2738 1821 2791 finem.

405 2824 526 2877 Vos
551 2831 606 2878 et
631 2824 935 2891 Scyllaeam
960 2825 1167 2878 rabiem
1195 2825 1524 2893 penitusque
1549 2825 1794 2878 sonantis

405 2910 655 2964 Accestis
679 2912 948 2980 scopulos,
978 2929 1078 2964 vos
1102 2917 1159 2965 et
1185 2911 1450 2978 Cyclopia
1474 2928 1604 2964 saxa

403 2995 664 3065 Experti:
705 3004 961 3052 revocate
988 2999 1214 3065 animos,
1242 3004 1621 3066 maestumque
1647 2998 1904 3051 timorem

405 3084 645 3151 Mittite3
686 3086 874 3139 forsan
901 3089 957 3138 et
979 3084 1118 3138 haec
1147 3061 1275 3150 olim
1302 3085 1616 3137 meminisse
1642 3084 1871 3139 iuvabit.

406 3171 512 3226 Per
536 3172 716 3225 varios
741 3171 912 3239 casus,
940 3188 1040 3239 per
1064 3176 1148 3225 tot
1171 3171 1488 3224 discrimina
1513 3187 1697 3223 rerum

404 3258 701 3311 Tendimus
725 3259 780 3309 in
808 3257 1043 3324 Latium,
1073 3257 1229 3311 sedes
1252 3258 1349 3310 ubi
1374 3258 1493 3310 fata
1519 3257 1730 3324 quietas

407 3343 753 3410 Ostendunt3
795 3343 908 3397 illic
933 3345 1019 3397 fas
1043 3360 1213 3410 regna
1238 3358 1523 3410 resurgere
1550 3342 1764 3395 Troiae.

404 3427 630 3499 Durate,
660 3435 719 3483 et
741 3434 956 3482 vosmet
980 3420 1144 3482 rebus
1167 3434 1382 3481 servate
1408 3427 1715 3480 secundis.”

474 3515 626 3571 Talia
649 3533 789 3571 voce
813 3516 997 3584 refert,
1026 3515 1277 3582 curisque
1302 3515 1616 3581 ingentibus
1641 3529 1803 3581 aeger
1901 3513 1912 3520 ”

2336 663 2441 722 1¹75

2337 1097 2439 1149 180

2333 1528 2434 1581 185

2335 1961 2437 2013 190

2334 2391 2433 2445 195

2332 2825 2435 2878 200

2332 3255 2436 3332 205
